,revenue,cogs,gross_profit,operating_expenses,net_income,Quarter,YearAndQuarter,ticker,end_date
0,9583500000,4607500000,4976000000,2922000000,1744000000,1,2007Q1,INTC,2007-03-31
1,9583500000,4607500000,4976000000,2922000000,1744000000,2,2007Q2,INTC,2007-06-29
2,9583500000,4607500000,4976000000,2922000000,1744000000,3,2007Q3,INTC,2007-09-27
3,9583500000,4607500000,4976000000,2922000000,1744000000,4,2007Q4,INTC,2007-12-29
4,9673000000,4466000000,5207000000,3145000000,1443000000,1,2008Q1,INTC,2008-03-31
5,9470000000,4221000000,5249000000,2994000000,1601000000,2,2008Q2,INTC,2008-06-28
6,10217000000,4198000000,6019000000,2921000000,2014000000,3,2008Q3,INTC,2008-09-27
7,8226000000,3857000000,4369000000,2830000000,234000000,4,2008Q4,INTC,2008-12-31
8,7145000000,3907000000,3238000000,2591000000,629000000,1,2009Q1,INTC,2009-03-28
9,8024000000,3945000000,4079000000,4091000000,-398000000,2,2009Q2,INTC,2009-06-27
10,9389000000,3985000000,5404000000,2825000000,1856000000,3,2009Q3,INTC,2009-09-26
11,10569000000,3729000000,6840000000,4343000000,2282000000,4,2009Q4,INTC,2009-12-31
12,10299000000,3770000000,6529000000,3081000000,2442000000,1,2010Q1,INTC,2010-03-27
13,10765000000,3530000000,7235000000,3254000000,2887000000,2,2010Q2,INTC,2010-06-26
14,11102000000,3781000000,7321000000,3185000000,2955000000,3,2010Q3,INTC,2010-09-25
15,11457000000,4051000000,7406000000,3383000000,3180000000,4,2010Q4,INTC,2010-12-31
16,12847000000,4962000000,7885000000,3727000000,3160000000,1,2011Q1,INTC,2011-04-02
17,13032000000,5130000000,7902000000,3967000000,2954000000,2,2011Q2,INTC,2011-07-02
18,14233000000,5215000000,9018000000,4233000000,3468000000,3,2011Q3,INTC,2011-10-01
19,13887000000,4935000000,8952000000,4353000000,3360000000,4,2011Q4,INTC,2011-12-31
20,12906000000,4641000000,8265000000,4455000000,2738000000,1,2012Q1,INTC,2012-03-31
21,13501000000,4947000000,8554000000,4722000000,2827000000,2,2012Q2,INTC,2012-06-30
22,13457000000,4942000000,8515000000,4674000000,2972000000,3,2012Q3,INTC,2012-09-29
23,13477000000,5660000000,7817000000,4662000000,2468000000,4,2012Q4,INTC,2012-12-31
24,12580000000,5514000000,7066000000,4547000000,2045000000,1,2013Q1,INTC,2013-03-30
25,12811000000,5341000000,7470000000,4751000000,2000000000,2,2013Q2,INTC,2013-06-29
26,13483000000,5069000000,8414000000,4910000000,2950000000,3,2013Q3,INTC,2013-09-28
27,13834000000,5263000000,8571000000,5022000000,2625000000,4,2013Q4,INTC,2013-12-31
28,12764000000,5151000000,7613000000,5103000000,1930000000,1,2014Q1,INTC,2014-03-29
29,13831000000,4914000000,8917000000,5073000000,2796000000,2,2014Q2,INTC,2014-06-28
30,14554000000,5096000000,9458000000,4918000000,3317000000,3,2014Q3,INTC,2014-09-27
31,14721000000,5100000000,9621000000,5168000000,3661000000,4,2014Q4,INTC,2014-12-31
32,12781000000,5051000000,7730000000,5115000000,1992000000,1,2015Q1,INTC,2015-03-28
33,13195000000,4947000000,8248000000,5352000000,2706000000,2,2015Q2,INTC,2015-06-27
34,14465000000,5354000000,9111000000,4919000000,3109000000,3,2015Q3,INTC,2015-09-26
35,14914000000,5324000000,9590000000,5291000000,3613000000,4,2015Q4,INTC,2015-12-31
36,13702000000,5572000000,8130000000,5562000000,2046000000,1,2016Q1,INTC,2016-04-02
37,13533000000,5560000000,7973000000,6655000000,1330000000,2,2016Q2,INTC,2016-07-02
38,15778000000,5795000000,9983000000,5521000000,3378000000,3,2016Q3,INTC,2016-10-01
39,16374000000,6269000000,10105000000,5579000000,3562000000,4,2016Q4,INTC,2016-12-31
40,,5649000000,9147000000,5548000000,2964000000,1,2017Q1,INTC,2017-04-01
41,,5665000000,9098000000,5271000000,2808000000,2,2017Q2,INTC,2017-07-01
42,,6092000000,10057000000,4942000000,4516000000,3,2017Q3,INTC,2017-09-30
43,,6286000000,10767000000,5372000000,-687000000,4,2017Q4,INTC,2017-12-31
44,,6335000000,9731000000,5261000000,4454000000,1,2018Q1,INTC,2018-03-31
45,,6543000000,10419000000,5146000000,5006000000,2,2018Q2,INTC,2018-06-30
46,,6803000000,12360000000,5011000000,6398000000,3,2018Q3,INTC,2018-09-29
47,,7430000000,11227000000,5003000000,5195000000,4,2018Q4,INTC,2018-12-31
48,,6972000000,9089000000,4915000000,3974000000,1,2019Q1,INTC,2019-03-30
49,,6627000000,9878000000,5261000000,4179000000,2,2019Q2,INTC,2019-06-29
50,,7895000000,11295000000,4848000000,5990000000,3,2019Q3,INTC,2019-09-28
51,,8331000000,11878000000,5081000000,6905000000,4,2019Q4,INTC,2019-12-31
52,,7812000000,12016000000,4978000000,5661000000,1,2020Q1,INTC,2020-03-28
53,,9221000000,10507000000,4810000000,5105000000,2,2020Q2,INTC,2020-06-27
54,,8592000000,9741000000,4682000000,4276000000,3,2020Q3,INTC,2020-09-26
55,,8630000000,11348000000,5464000000,5857000000,4,2020Q4,INTC,2020-12-31
56,,8819000000,10854000000,7160000000,3361000000,1,2021Q1,INTC,2021-03-27
57,,8425000000,11206000000,5660000000,5061000000,2,2021Q2,INTC,2021-06-26
58,,8446000000,10746000000,5519000000,6823000000,3,2021Q3,INTC,2021-09-25
59,,9519000000,11009000000,6020000000,4623000000,4,2021Q4,INTC,2021-12-31
60,,9109000000,9244000000,4903000000,8113000000,1,2022Q1,INTC,2022-04-02
61,,9734000000,5587000000,6287000000,-454000000,2,2022Q2,INTC,2022-07-02
62,,8803000000,6535000000,6710000000,1019000000,3,2022Q3,INTC,2022-10-01
63,,8542000000,5500000000,6632000000,-664000000,4,2022Q4,INTC,2022-12-31
64,,7707000000,4008000000,5476000000,-2758000000,1,2023Q1,INTC,2023-04-01
65,,8311000000,4638000000,5654000000,1481000000,2,2023Q2,INTC,2023-07-01
66,,8140000000,6018000000,6026000000,297000000,3,2023Q3,INTC,2023-09-30
67,,8359000000,7047000000,4462000000,2669000000,4,2023Q4,INTC,2023-12-31
68,,872000000,580000000,,,1,2008Q1,AMD,2008-03-29
69,,872000000,580000000,,,2,2008Q2,AMD,2008-06-27
70,,872000000,580000000,,,3,2008Q3,AMD,2008-09-25
71,,872000000,580000000,,,4,2008Q4,AMD,2008-12-27
72,,666000000,511000000,,,1,2009Q1,AMD,2009-03-31
73,,743000000,441000000,,,2,2009Q2,AMD,2009-06-27
74,,811000000,585000000,,,3,2009Q3,AMD,2009-09-26
75,,911000000,735000000,,,4,2009Q4,AMD,2009-12-31
76,,833000000,741000000,,117750000,1,2010Q1,AMD,2010-03-27
77,,915000000,738000000,,117750000,2,2010Q2,AMD,2010-06-26
78,,879000000,739000000,,117750000,3,2010Q3,AMD,2010-09-25
79,,906000000,743000000,,117750000,4,2010Q4,AMD,2010-12-25
80,,922000000,691000000,,510000000,1,2011Q1,AMD,2011-04-02
81,,854000000,720000000,,61000000,2,2011Q2,AMD,2011-07-02
82,,934000000,756000000,,97000000,3,2011Q3,AMD,2011-10-01
83,,918000000,773000000,,-177000000,4,2011Q4,AMD,2011-12-31
84,,1558000000,27000000,,-590000000,1,2012Q1,AMD,2012-03-31
85,,775000000,638000000,,37000000,2,2012Q2,AMD,2012-06-30
86,,877000000,392000000,,-157000000,3,2012Q3,AMD,2012-09-29
87,,977000000,178000000,,-473000000,4,2012Q4,AMD,2012-12-29
88,,643000000,445000000,,-146000000,1,2013Q1,AMD,2013-03-30
89,,702000000,459000000,,-74000000,2,2013Q2,AMD,2013-06-29
90,,940000000,521000000,,48000000,3,2013Q3,AMD,2013-09-28
91,,1036000000,553000000,,89000000,4,2013Q4,AMD,2013-12-28
92,,910000000,487000000,,-20000000,1,2014Q1,AMD,2014-03-29
93,,943000000,498000000,,-36000000,2,2014Q2,AMD,2014-06-28
94,,935000000,494000000,,17000000,3,2014Q3,AMD,2014-09-27
95,,879000000,360000000,,-364000000,4,2014Q4,AMD,2014-12-27
96,,704000000,326000000,,-180000000,1,2015Q1,AMD,2015-03-28
97,,710000000,232000000,,-181000000,2,2015Q2,AMD,2015-06-27
98,,822000000,239000000,,-197000000,3,2015Q3,AMD,2015-09-26
99,,675000000,283000000,,-102000000,4,2015Q4,AMD,2015-12-26
100,,563000000,269000000,,-109000000,1,2016Q1,AMD,2016-03-26
101,,708000000,319000000,,69000000,2,2016Q2,AMD,2016-06-25
102,,1248000000,59000000,,-406000000,3,2016Q3,AMD,2016-09-24
103,,755000000,351000000,,-51000000,4,2016Q4,AMD,2016-12-31
104,,,331000000,,-73000000,1,2017Q1,AMD,2017-04-01
105,,,404000000,,-16000000,2,2017Q2,AMD,2017-07-01
106,,,573000000,,71000000,3,2017Q3,AMD,2017-09-30
107,,,515000000,,61000000,4,2017Q4,AMD,2017-12-30
108,,,597000000,,81000000,1,2018Q1,AMD,2018-03-31
109,,,652000000,,116000000,2,2018Q2,AMD,2018-06-30
110,,,661000000,,102000000,3,2018Q3,AMD,2018-09-29
111,,,537000000,,38000000,4,2018Q4,AMD,2018-12-29
112,,,521000000,,16000000,1,2019Q1,AMD,2019-03-30
113,,,621000000,,35000000,2,2019Q2,AMD,2019-06-29
114,,,777000000,,120000000,3,2019Q3,AMD,2019-09-28
115,,,949000000,,170000000,4,2019Q4,AMD,2019-12-28
116,,,818000000,,162000000,1,2020Q1,AMD,2020-03-28
117,,,848000000,,157000000,2,2020Q2,AMD,2020-06-27
118,,,1230000000,,390000000,3,2020Q3,AMD,2020-09-26
119,,,1451000000,,1781000000,4,2020Q4,AMD,2020-12-26
120,,,1587000000,,555000000,1,2021Q1,AMD,2021-03-27
121,,,1830000000,,710000000,2,2021Q2,AMD,2021-06-26
122,,,2086000000,,923000000,3,2021Q3,AMD,2021-09-25
123,,,2426000000,,974000000,4,2021Q4,AMD,2021-12-31
124,,,2818000000,,786000000,1,2022Q1,AMD,2022-03-26
125,,,3028000000,,447000000,2,2022Q2,AMD,2022-06-25
126,,,2354000000,,66000000,3,2022Q3,AMD,2022-09-24
127,,,2403000000,,21000000,4,2022Q4,AMD,2022-12-31
128,,,2359000000,,-139000000,1,2023Q1,AMD,2023-04-01
129,,,2443000000,,27000000,2,2023Q2,AMD,2023-07-01
130,,,2747000000,,299000000,3,2023Q3,AMD,2023-09-30
131,,,2911000000,,667000000,4,2023Q4,AMD,2023-12-31
132,13879750000,5498250000,,,3183250000,1,2013Q1,GOOG,2013-04-01
133,13879750000,5498250000,,,3183250000,2,2013Q2,GOOG,2013-06-30
134,13879750000,5498250000,,,3183250000,3,2013Q3,GOOG,2013-09-28
135,13879750000,5498250000,,,3183250000,4,2013Q4,GOOG,2013-12-31
136,17258000000,6356000000,,,3515000000,1,2015Q1,GOOG,2015-03-31
137,17727000000,6583000000,,,3931000000,2,2015Q2,GOOG,2015-06-30
138,18675000000,7037000000,,,3979000000,3,2015Q3,GOOG,2015-09-30
139,21329000000,8188000000,,,4923000000,4,2015Q4,GOOG,2015-12-31
140,20257000000,7648000000,,,4207000000,1,2016Q1,GOOG,2016-03-31
141,21500000000,8130000000,,,4877000000,2,2016Q2,GOOG,2016-06-30
142,22451000000,8699000000,,,5061000000,3,2016Q3,GOOG,2016-09-30
143,26064000000,10661000000,,,5333000000,4,2016Q4,GOOG,2016-12-31
144,24750000000,9795000000,,,5426000000,1,2017Q1,GOOG,2017-03-31
145,26010000000,10373000000,,,3524000000,2,2017Q2,GOOG,2017-06-30
146,27772000000,11148000000,,,6732000000,3,2017Q3,GOOG,2017-09-30
147,32323000000,14267000000,,,-3020000000,4,2017Q4,GOOG,2017-12-31
148,31146000000,13467000000,,,9401000000,1,2018Q1,GOOG,2018-03-31
149,32657000000,13883000000,,,3195000000,2,2018Q2,GOOG,2018-06-30
150,33740000000,14281000000,,,9192000000,3,2018Q3,GOOG,2018-09-30
151,39276000000,17918000000,,,8948000000,4,2018Q4,GOOG,2018-12-31
152,,16012000000,,,6657000000,1,2019Q1,GOOG,2019-03-31
153,,17296000000,,,9947000000,2,2019Q2,GOOG,2019-06-30
154,,17568000000,,,7068000000,3,2019Q3,GOOG,2019-09-30
155,,21020000000,,,10671000000,4,2019Q4,GOOG,2019-12-31
156,,18982000000,,,6836000000,1,2020Q1,GOOG,2020-03-31
157,,18553000000,,,6959000000,2,2020Q2,GOOG,2020-06-30
158,,21117000000,,,11247000000,3,2020Q3,GOOG,2020-09-30
159,,26080000000,,,15227000000,4,2020Q4,GOOG,2020-12-31
160,,24103000000,,,17930000000,1,2021Q1,GOOG,2021-03-31
161,,26227000000,,,18525000000,2,2021Q2,GOOG,2021-06-30
162,,27621000000,,,18936000000,3,2021Q3,GOOG,2021-09-30
163,,32988000000,,,20642000000,4,2021Q4,GOOG,2021-12-31
164,,29599000000,,,16436000000,1,2022Q1,GOOG,2022-03-31
165,,30104000000,,,16002000000,2,2022Q2,GOOG,2022-06-30
166,,31158000000,,,13910000000,3,2022Q3,GOOG,2022-09-30
167,,35342000000,,,13624000000,4,2022Q4,GOOG,2022-12-31
168,,30612000000,,,15051000000,1,2023Q1,GOOG,2023-03-31
169,,31916000000,,,18368000000,2,2023Q2,GOOG,2023-06-30
170,,33229000000,,,19689000000,3,2023Q3,GOOG,2023-09-30
171,,37575000000,,,20687000000,4,2023Q4,GOOG,2023-12-31
172,27985750,25602000,2383750,15358000,-13935000,1,2009Q1,TSLA,2009-04-01
173,27985750,25602000,2383750,15358000,-13935000,2,2009Q2,TSLA,2009-06-30
174,27985750,25602000,2383750,15358000,-13935000,3,2009Q3,TSLA,2009-09-28
175,27985750,25602000,2383750,15358000,-13935000,4,2009Q4,TSLA,2009-12-31
176,20812000,16858000,3852000,29850000,-29519000,1,2010Q1,TSLA,2010-03-31
177,28405000,20266000,6261000,37623000,-38517000,2,2010Q2,TSLA,2010-06-30
178,31241000,19457000,9296000,47130000,-34935000,3,2010Q3,TSLA,2010-09-30
179,36286000,23401000,11321000,62966000,-51358000,4,2010Q4,TSLA,2010-12-31
180,49030000,26961000,18028000,65374000,-48941000,1,2011Q1,TSLA,2011-03-31
181,58171000,30528000,18508000,77247000,-58903000,2,2011Q2,TSLA,2011-06-30
182,57666000,32752000,17224000,81701000,-65078000,3,2011Q3,TSLA,2011-09-30
183,39375000,25241000,7835000,88761000,-81488000,4,2011Q4,TSLA,2011-12-31
184,30167000,13932000,10210000,98973000,-89873000,1,2012Q1,TSLA,2012-03-31
185,26653000,20150000,4762000,110937000,-105603000,2,2012Q2,TSLA,2012-06-30
186,50104000,58865000,-8761000,99699000,-110804000,3,2012Q3,TSLA,2012-09-30
187,306332000,278711000,23857000,114741000,-89932000,4,2012Q4,TSLA,2012-12-31
188,561792000,461818000,96320000,101904000,11248000,1,2013Q1,TSLA,2013-03-31
189,405139000,303599000,100483000,112275000,-30502000,2,2013Q2,TSLA,2013-06-30
190,431346000,324883000,102868000,133422000,-38496000,3,2013Q3,TSLA,2013-09-30
191,615219000,453578000,156590000,169944000,-16264000,4,2013Q4,TSLA,2013-12-31
192,620542000,462471000,155128000,199095000,-49800000,1,2014Q1,TSLA,2014-03-31
193,769349000,554104000,212995000,241748000,-61900000,2,2014Q2,TSLA,2014-06-30
194,851804000,598472000,251851000,290980000,-74708000,3,2014Q3,TSLA,2014-09-30
195,956661000,694964000,261697000,336537000,-107630000,4,2014Q4,TSLA,2014-12-31
196,939880000,631745000,260073000,362519000,-154181000,1,2015Q1,TSLA,2015-03-31
197,954976000,666386000,213370000,383558000,-184227000,2,2015Q2,TSLA,2015-06-30
198,936789000,628729000,231496000,415158000,-229858000,3,2015Q3,TSLA,2015-09-30
199,1214379000,896442000,218564000,478897000,-320397000,4,2015Q4,TSLA,2015-12-31
200,1147048000,779316000,252468000,500692000,-282267000,1,2016Q1,TSLA,2016-03-31
201,1270017000,909282000,274776000,512816000,-293188000,2,2016Q2,TSLA,2016-06-30
202,2298436000,1355102000,636735000,551113000,21878000,3,2016Q3,TSLA,2016-09-30
203,2284631000,1224387000,435278000,701976000,-121337000,4,2016Q4,TSLA,2016-12-31
204,2696270000,,667946000,925495000,-330277000,1,2017Q1,TSLA,2017-03-31
205,2789557000,,666615000,907531000,-336397000,2,2017Q2,TSLA,2017-06-30
206,2984675000,,449140000,984620000,-619376000,3,2017Q3,TSLA,2017-09-30
207,3288249000,,438786000,1036927000,-675350000,4,2017Q4,TSLA,2017-12-31
208,3408751000,,456526000,1053500000,-709551000,1,2018Q1,TSLA,2018-03-31
209,4002231000,,618930000,1240322000,-717539000,2,2018Q2,TSLA,2018-06-30
210,6824413000,,1523665000,1106908000,311516000,3,2018Q3,TSLA,2018-09-30
211,7225873000,,1442900000,1029364000,139483000,4,2018Q4,TSLA,2018-12-31
212,4541464000,,565743000,1087574000,-702135000,1,2019Q1,TSLA,2019-03-31
213,6349676000,,921046000,1088504000,-408334000,2,2019Q2,TSLA,2019-06-30
214,6303000000,,1191000000,930000000,143000000,3,2019Q3,TSLA,2019-09-30
215,7384000000,,1391000000,1031922000,105000000,4,2019Q4,TSLA,2019-12-31
216,5985000000,,1234000000,951000000,16000000,1,2020Q1,TSLA,2020-03-31
217,6036000000,,1267000000,940000000,104000000,2,2020Q2,TSLA,2020-06-30
218,8771000000,,2063000000,1254000000,331000000,3,2020Q3,TSLA,2020-09-30
219,10744000000,,2066000000,1491000000,270000000,4,2020Q4,TSLA,2020-12-31
220,10389000000,,2215000000,1621000000,438000000,1,2021Q1,TSLA,2021-03-31
221,11958000000,,2884000000,1572000000,1142000000,2,2021Q2,TSLA,2021-06-30
222,13757000000,,3660000000,1656000000,1618000000,3,2021Q3,TSLA,2021-09-30
223,17719000000,,4847000000,2234000000,2321000000,4,2021Q4,TSLA,2021-12-31
224,18756000000,,5460000000,1857000000,3318000000,1,2022Q1,TSLA,2022-03-31
225,16934000000,,4234000000,1770000000,2259000000,2,2022Q2,TSLA,2022-06-30
226,21454000000,,5382000000,1694000000,3292000000,3,2022Q3,TSLA,2022-09-30
227,24318000000,,5777000000,1876000000,3687000000,4,2022Q4,TSLA,2022-12-31
228,23329000000,,4511000000,1847000000,2513000000,1,2023Q1,TSLA,2023-03-31
229,24927000000,,4533000000,2134000000,2703000000,2,2023Q2,TSLA,2023-06-30
230,23350000000,,4178000000,2414000000,1853000000,3,2023Q3,TSLA,2023-09-30
231,25167000000,,4438000000,2374000000,7928000000,4,2023Q4,TSLA,2023-12-31
232,18857750000,192000000,,,1163500000,1,2007Q1,UNH,2007-04-01
233,18857750000,192000000,,,1163500000,2,2007Q2,UNH,2007-06-30
234,18857750000,192000000,,,1163500000,3,2007Q3,UNH,2007-09-28
235,18857750000,192000000,,,1163500000,4,2007Q4,UNH,2007-12-31
236,20304000000,325000000,,,994000000,1,2008Q1,UNH,2008-03-31
237,20272000000,353000000,,,337000000,2,2008Q2,UNH,2008-06-30
238,20156000000,387000000,,,920000000,3,2008Q3,UNH,2008-09-30
239,20454000000,415000000,,,726000000,4,2008Q4,UNH,2008-12-31
240,22004000000,404000000,,,984000000,1,2009Q1,UNH,2009-03-31
241,21655000000,422000000,,,859000000,2,2009Q2,UNH,2009-06-30
242,21695000000,442000000,,,1035000000,3,2009Q3,UNH,2009-09-30
243,21784000000,497000000,,,944000000,4,2009Q4,UNH,2009-12-31
244,23193000000,483000000,,,1191000000,1,2010Q1,UNH,2010-03-31
245,23264000000,534000000,,,1123000000,2,2010Q2,UNH,2010-06-30
246,23668000000,536000000,,,1277000000,3,2010Q3,UNH,2010-09-30
247,24030000000,563000000,,,1043000000,4,2010Q4,UNH,2010-12-31
248,25432000000,599000000,,,1346000000,1,2011Q1,UNH,2011-03-31
249,25234000000,554000000,,,1267000000,2,2011Q2,UNH,2011-06-30
250,25280000000,609000000,,,1271000000,3,2011Q3,UNH,2011-09-30
251,25916000000,623000000,,,1258000000,4,2011Q4,UNH,2011-12-31
252,27282000000,634000000,,,1388000000,1,2012Q1,UNH,2012-03-31
253,27265000000,620000000,,,1337000000,2,2012Q2,UNH,2012-06-30
254,27302000000,627000000,,,1557000000,3,2012Q3,UNH,2012-09-30
255,28769000000,642000000,,,1244000000,4,2012Q4,UNH,2012-12-31
256,30340000000,682000000,,,1192000000,1,2013Q1,UNH,2013-03-31
257,30408000000,669000000,,,1436000000,2,2013Q2,UNH,2013-06-30
258,30624000000,731000000,,,1570000000,3,2013Q3,UNH,2013-09-30
259,31117000000,757000000,,,1427000000,4,2013Q4,UNH,2013-12-31
260,31708000000,892000000,,,1099000000,1,2014Q1,UNH,2014-03-31
261,32574000000,929000000,,,1408000000,2,2014Q2,UNH,2014-06-30
262,32759000000,955000000,,,1602000000,3,2014Q3,UNH,2014-09-30
263,33433000000,1008000000,,,1510000000,4,2014Q4,UNH,2014-12-31
264,35756000000,1100000000,,,1413000000,1,2015Q1,UNH,2015-03-31
265,36263000000,1111000000,,,1585000000,2,2015Q2,UNH,2015-06-30
266,41489000000,6100000000,,,1597000000,3,2015Q3,UNH,2015-09-30
267,43599000000,7895000000,,,1218000000,4,2015Q4,UNH,2015-12-31
268,44527000000,5877000000,,,1611000000,1,2016Q1,UNH,2016-03-31
269,46485000000,6106000000,,,1754000000,2,2016Q2,UNH,2016-06-30
270,46293000000,6125000000,,,1968000000,3,2016Q3,UNH,2016-09-30
271,47535000000,6308000000,,,1684000000,4,2016Q4,UNH,2016-12-31
272,48723000000,,,,2172000000,1,2017Q1,UNH,2017-03-31
273,50053000000,,,,2284000000,2,2017Q2,UNH,2017-06-30
274,50322000000,,,,2485000000,3,2017Q3,UNH,2017-09-30
275,52061000000,,,,3617000000,4,2017Q4,UNH,2017-12-31
276,55188000000,,,,2836000000,1,2018Q1,UNH,2018-03-31
277,56086000000,,,,2922000000,2,2018Q2,UNH,2018-06-30
278,56556000000,,,,3188000000,3,2018Q3,UNH,2018-09-30
279,58417000000,,,,3040000000,4,2018Q4,UNH,2018-12-31
280,60308000000,,,,3467000000,1,2019Q1,UNH,2019-03-31
281,60595000000,,,,3293000000,2,2019Q2,UNH,2019-06-30
282,60351000000,,,,3538000000,3,2019Q3,UNH,2019-09-30
283,60901000000,,,,3541000000,4,2019Q4,UNH,2019-12-31
284,64421000000,,,,3382000000,1,2020Q1,UNH,2020-03-31
285,62138000000,,,,6637000000,2,2020Q2,UNH,2020-06-30
286,65115000000,,,,3172000000,3,2020Q3,UNH,2020-09-30
287,65467000000,,,,2212000000,4,2020Q4,UNH,2020-12-31
288,70196000000,,,,4862000000,1,2021Q1,UNH,2021-03-31
289,71321000000,,,,4266000000,2,2021Q2,UNH,2021-06-30
290,72337000000,,,,4086000000,3,2021Q3,UNH,2021-09-30
291,73743000000,,,,4071000000,4,2021Q4,UNH,2021-12-31
292,80149000000,,,,5027000000,1,2022Q1,UNH,2022-03-31
293,80332000000,,,,5070000000,2,2022Q2,UNH,2022-06-30
294,80894000000,,,,5262000000,3,2022Q3,UNH,2022-09-30
295,82787000000,,,,4761000000,4,2022Q4,UNH,2022-12-31
296,91931000000,,,,5611000000,1,2023Q1,UNH,2023-03-31
297,92903000000,,,,5474000000,2,2023Q2,UNH,2023-06-30
298,92361000000,,,,5841000000,3,2023Q3,UNH,2023-09-30
299,94427000000,,,,5455000000,4,2023Q4,UNH,2023-12-31
300,10465750000,4069000000,6213000000,,1483000000,1,2016Q1,KO,2007-04-01
301,10465750000,4471000000,7068000000,,3448000000,2,2016Q2,KO,2007-06-30
302,10465750000,4131000000,6502000000,,1046000000,3,2016Q3,KO,2007-09-28
303,10465750000,3794000000,5615000000,,550000000,4,2016Q4,KO,2007-12-31
304,7626000000,,4888000000,,1368000000,1,2018Q1,KO,2008-03-31
305,9421000000,,5675000000,,2316000000,2,2018Q2,KO,2008-06-27
306,8245000000,,5186000000,,1880000000,3,2018Q3,KO,2008-09-26
307,6564000000,,4337000000,,870000000,4,2018Q4,KO,2008-12-31
308,8020000000,,5030000000,,1678000000,1,2019Q1,KO,2009-04-03
309,9997000000,,6076000000,,2607000000,2,2019Q2,KO,2009-07-03
310,9507000000,,5740000000,,2593000000,3,2019Q3,KO,2009-10-02
311,9742000000,,5801000000,,2042000000,4,2019Q4,KO,2009-12-31
312,8601000000,,5230000000,,2775000000,1,2020Q1,KO,2010-04-02
313,7150000000,,4137000000,,1779000000,2,2020Q2,KO,2010-07-02
314,8652000000,,5181000000,,1737000000,3,2020Q3,KO,2010-10-01
315,8611000000,,5033000000,,1456000000,4,2020Q4,KO,2010-12-31
316,9020000000,,5515000000,,2245000000,1,2021Q1,KO,2011-04-01
317,10129000000,,6342000000,,2641000000,2,2021Q2,KO,2011-07-01
318,10042000000,,6065000000,,2471000000,3,2021Q3,KO,2011-09-30
319,9464000000,,5376000000,,2414000000,4,2021Q4,KO,2011-12-31
320,10491000000,,6400000000,,2781000000,1,2022Q1,KO,2012-03-30
321,11325000000,,6495000000,,1905000000,2,2022Q2,KO,2012-06-29
322,11063000000,,6497000000,,2825000000,3,2022Q3,KO,2012-09-28
323,10125000000,,5612000000,,2031000000,4,2022Q4,KO,2012-12-31
324,10980000000,,6663000000,,3107000000,1,2023Q1,KO,2013-03-29
325,11972000000,,7060000000,,2547000000,2,2023Q2,KO,2013-06-28
326,11953000000,,7296000000,,3087000000,3,2023Q3,KO,2013-09-27
327,10849000000,,6215000000,,1973000000,4,2023Q4,KO,2013-12-31
328,,2601500000,4612750000,,1495250000,1,2007Q1,KO,2014-03-28
329,,2601500000,4612750000,,1495250000,2,2007Q2,KO,2014-06-27
330,,2601500000,4612750000,,1495250000,3,2007Q3,KO,2014-09-26
331,,2601500000,4612750000,,1495250000,4,2007Q4,KO,2014-12-31
332,,2624000000,4755000000,,1500000000,1,2008Q1,KO,2015-04-03
333,,3162000000,5884000000,,1422000000,2,2008Q2,KO,2015-07-03
334,,3020000000,5373000000,,1890000000,3,2008Q3,KO,2015-10-02
335,,2568000000,4558000000,,995000000,4,2008Q4,KO,2015-12-31
336,,2590000000,4579000000,,1348000000,1,2009Q1,KO,2016-04-01
337,,2913000000,5354000000,,2037000000,2,2009Q2,KO,2016-07-01
338,,2934000000,5110000000,,1896000000,3,2009Q3,KO,2016-09-30
339,,2651000000,4859000000,,1543000000,4,2009Q4,KO,2016-12-31
340,,2541000000,4984000000,,1614000000,1,2010Q1,KO,2017-03-31
341,,2955000000,5719000000,,2369000000,2,2010Q2,KO,2017-06-30
342,,2918000000,5508000000,,2055000000,3,2010Q3,KO,2017-09-29
343,,4279000000,6215000000,,5771000000,4,2010Q4,KO,2017-12-31
344,,3949000000,6568000000,,1900000000,1,2011Q1,KO,2018-03-30
345,,4989000000,7748000000,,2797000000,2,2011Q2,KO,2018-06-29
346,,4875000000,7373000000,,2221000000,3,2011Q3,KO,2018-09-28
347,,4402000000,6637000000,,1654000000,4,2011Q4,KO,2018-12-31
348,,4348000000,6789000000,,2054000000,1,2012Q1,KO,2019-03-29
349,,5224000000,7861000000,,2788000000,2,2012Q2,KO,2019-06-28
350,,4853000000,7487000000,,2311000000,3,2012Q3,KO,2019-09-27
351,,4628000000,6827000000,,1866000000,4,2012Q4,KO,2019-12-31
352,,4324000000,6711000000,,1751000000,1,2013Q1,KO,2020-03-27
353,,4989000000,7760000000,,2676000000,2,2013Q2,KO,2020-06-26
354,,4793000000,7237000000,,2447000000,3,2013Q3,KO,2020-09-25
355,,4315000000,6725000000,,1710000000,4,2013Q4,KO,2020-12-31
356,,4083000000,6493000000,,1619000000,1,2014Q1,KO,2021-04-02
357,,4819000000,7755000000,,2595000000,2,2014Q2,KO,2021-07-02
358,,4630000000,7346000000,,2114000000,3,2014Q3,KO,2021-10-01
359,,4357000000,6515000000,,770000000,4,2014Q4,KO,2021-12-31
360,,4103000000,6608000000,,1557000000,1,2015Q1,KO,2022-04-01
361,,4748000000,7408000000,,3108000000,2,2015Q2,KO,2022-07-01
362,,4577000000,6850000000,,1449000000,3,2015Q3,KO,2022-09-30
363,,4054000000,5946000000,,1237000000,4,2015Q4,KO,2022-12-31
364,,,5605000000,,1182000000,1,2017Q1,KO,2023-03-31
365,,,6043000000,,1371000000,2,2017Q2,KO,2023-06-30
366,,,5683000000,,1447000000,3,2017Q3,KO,2023-09-29
367,,,4823000000,,-2752000000,4,2017Q4,KO,2023-12-31
368,13810750000,2177750000,3524750000,,1509500000,1,2007Q1,PM,2007-04-01
369,13810750000,2177750000,3524750000,,1509500000,2,2007Q2,PM,2007-06-30
370,13810750000,2177750000,3524750000,,1509500000,3,2007Q3,PM,2007-09-28
371,13810750000,2177750000,3524750000,,1509500000,4,2007Q4,PM,2007-12-31
372,14354000000,2181000000,3740000000,,1673000000,1,2008Q1,PM,2008-03-31
373,16703000000,2462000000,4247000000,,1692000000,2,2008Q2,PM,2008-06-30
374,17365000000,2481000000,4472000000,,2080000000,3,2008Q3,PM,2008-09-30
375,15218000000,2204000000,3918000000,,1445000000,4,2008Q4,PM,2008-12-31
376,13286000000,1971000000,3626000000,,1476000000,1,2009Q1,PM,2009-03-31
377,15213000000,2185000000,3949000000,,1546000000,2,2009Q2,PM,2009-06-30
378,16573000000,2320000000,4267000000,,1798000000,3,2009Q3,PM,2009-09-30
379,17008000000,2546000000,4171000000,,1522000000,4,2009Q4,PM,2009-12-31
380,15587000000,2372000000,4124000000,,1703000000,1,2010Q1,PM,2010-03-31
381,17383000000,2550000000,4511000000,,1982000000,2,2010Q2,PM,2010-06-30
382,16936000000,2290000000,4324000000,,1822000000,3,2010Q3,PM,2010-09-30
383,17807000000,2501000000,4536000000,,1752000000,4,2010Q4,PM,2010-12-31
384,16530000000,2295000000,4496000000,,1919000000,1,2011Q1,PM,2011-03-31
385,20234000000,2844000000,5429000000,,2409000000,2,2011Q2,PM,2011-06-30
386,20706000000,2847000000,5515000000,,2377000000,3,2011Q3,PM,2011-09-30
387,18876000000,2692000000,4979000000,,1886000000,4,2011Q4,PM,2011-12-31
388,18022000000,2442000000,5006000000,,2161000000,1,2012Q1,PM,2012-03-31
389,20037000000,2666000000,5454000000,,2317000000,2,2012Q2,PM,2012-06-30
390,19592000000,2584000000,5336000000,,2227000000,3,2012Q3,PM,2012-09-30
391,19742000000,2681000000,5208000000,,2095000000,4,2012Q4,PM,2012-12-31
392,18527000000,2489000000,5095000000,,2125000000,1,2013Q1,PM,2013-03-31
393,20483000000,2701000000,5216000000,,2124000000,2,2013Q2,PM,2013-06-30
394,20629000000,2618000000,5309000000,,2340000000,3,2013Q3,PM,2013-09-30
395,20390000000,2602000000,5187000000,,1987000000,4,2013Q4,PM,2013-12-31
396,17779000000,2374000000,4543000000,,1875000000,1,2014Q1,PM,2014-03-31
397,21051000000,2696000000,5101000000,,1851000000,2,2014Q2,PM,2014-06-30
398,21335000000,2734000000,5122000000,,2155000000,3,2014Q3,PM,2014-09-30
399,19941000000,2632000000,4565000000,,1612000000,4,2014Q4,PM,2014-12-31
400,17352000000,2229000000,4387000000,,1795000000,1,2015Q1,PM,2015-03-31
401,18763000000,2378000000,4481000000,,1887000000,2,2015Q2,PM,2015-06-30
402,19422000000,2383000000,4544000000,,1942000000,3,2015Q3,PM,2015-09-30
403,18371000000,2375000000,4017000000,,1249000000,4,2015Q4,PM,2015-12-31
404,16788000000,2096000000,3987000000,,1530000000,1,2016Q1,PM,2016-03-31
405,19041000000,2364000000,4285000000,,1788000000,2,2016Q2,PM,2016-06-30
406,19935000000,2432000000,4550000000,,1938000000,3,2016Q3,PM,2016-09-30
407,19189000000,2499000000,4472000000,,1711000000,4,2016Q4,PM,2016-12-31
408,,,3887000000,,1590000000,1,2017Q1,PM,2017-03-31
409,,,4398000000,,1781000000,2,2017Q2,PM,2017-06-30
410,,,4738000000,,1970000000,3,2017Q3,PM,2017-09-30
411,,,5293000000,,694000000,4,2017Q4,PM,2017-12-31
412,,,4281000000,,1556000000,1,2018Q1,PM,2018-03-31
413,,,4982000000,,2198000000,2,2018Q2,PM,2018-06-30
414,,,4886000000,,2247000000,3,2018Q3,PM,2018-09-30
415,,,4718000000,,1910000000,4,2018Q4,PM,2018-12-31
416,,,4286000000,,1354000000,1,2019Q1,PM,2019-03-31
417,,,5034000000,,2319000000,2,2019Q2,PM,2019-06-30
418,,,5037000000,,1896000000,3,2019Q3,PM,2019-09-30
419,,,4935000000,,1616000000,4,2019Q4,PM,2019-12-31
420,,,4751000000,,1826000000,1,2020Q1,PM,2020-03-31
421,,,4472000000,,1947000000,2,2020Q2,PM,2020-06-30
422,,,5030000000,,2307000000,3,2020Q3,PM,2020-09-30
423,,,4872000000,,1976000000,4,2020Q4,PM,2020-12-31
424,,,5311000000,,2418000000,1,2021Q1,PM,2021-03-31
425,,,5241000000,,2172000000,2,2021Q2,PM,2021-06-30
426,,,5526000000,,2426000000,3,2021Q3,PM,2021-09-30
427,,,5297000000,,2093000000,4,2021Q4,PM,2021-12-31
428,,,5138000000,,2331000000,1,2022Q1,PM,2022-03-31
429,,,5184000000,,2233000000,2,2022Q2,PM,2022-06-30
430,,,5097000000,,2087000000,3,2022Q3,PM,2022-09-30
431,,,4941000000,,2397000000,4,2022Q4,PM,2022-12-31
432,,,4981000000,,1995000000,1,2023Q1,PM,2023-03-31
433,,,5739000000,,1568000000,2,2023Q2,PM,2023-06-30
434,,,5976000000,,2054000000,3,2023Q3,PM,2023-09-30
435,,,5585000000,,2196000000,4,2023Q4,PM,2023-12-31
436,4658375000,1062200000,,,738250000,1,2007Q1,LLY,2007-04-01
437,4658375000,1062200000,,,738250000,2,2007Q2,LLY,2007-06-30
438,4658375000,1062200000,,,738250000,3,2007Q3,LLY,2007-09-28
439,4658375000,1062200000,,,738250000,4,2007Q4,LLY,2007-12-31
440,4807600000,1111300000,,,1064300000,1,2008Q1,LLY,2008-03-31
441,5150400000,1200900000,,,958800000,2,2008Q2,LLY,2008-06-30
442,5209500000,1155200000,,,-465600000,3,2008Q3,LLY,2008-09-30
443,5204400000,909300000,,,-3629400000,4,2008Q4,LLY,2008-12-31
444,5047000000,816400000,,,1313100000,1,2009Q1,LLY,2009-03-31
445,5292800000,947400000,,,1158500000,2,2009Q2,LLY,2009-06-30
446,5562000000,1051900000,,,941800000,3,2009Q3,LLY,2009-09-30
447,5934200000,1431300000,,,915400000,4,2009Q4,LLY,2009-12-31
448,5485500000,1122500000,,,1248100000,1,2010Q1,LLY,2010-03-31
449,5748700000,1023900000,,,1348900000,2,2010Q2,LLY,2010-06-30
450,5654800000,987600000,,,1302900000,3,2010Q3,LLY,2010-09-30
451,6187000000,1232200000,,,1169600000,4,2010Q4,LLY,2010-12-31
452,5839200000,1180100000,,,1055900000,1,2011Q1,LLY,2011-03-31
453,6252800000,1228000000,,,1197300000,2,2011Q2,LLY,2011-06-30
454,6147900000,1338100000,,,1236300000,3,2011Q3,LLY,2011-09-30
455,6046600000,1321700000,,,858200000,4,2011Q4,LLY,2011-12-31
456,5602000000,1197900000,,,1011100000,1,2012Q1,LLY,2012-03-31
457,5600700000,1146700000,,,923600000,2,2012Q2,LLY,2012-06-30
458,5443300000,1203600000,,,1326600000,3,2012Q3,LLY,2012-09-30
459,5957300000,1248300000,,,827200000,4,2012Q4,LLY,2012-12-31
460,5602000000,1158300000,,,1548000000,1,2013Q1,LLY,2013-03-31
461,5929700000,1165200000,,,1206200000,2,2013Q2,LLY,2013-06-30
462,5772600000,1198100000,,,1203100000,3,2013Q3,LLY,2013-09-30
463,5808800000,1386500000,,,727500000,4,2013Q4,LLY,2013-12-31
464,4683100000,1222700000,,,727900000,1,2014Q1,LLY,2014-03-31
465,4935600000,1189700000,,,733500000,2,2014Q2,LLY,2014-06-30
466,4875600000,1267000000,,,500600000,3,2014Q3,LLY,2014-09-30
467,5121300000,1253100000,,,428500000,4,2014Q4,LLY,2014-12-31
468,4644700000,1192700000,,,529500000,1,2015Q1,LLY,2015-03-31
469,4978700000,1218400000,,,600800000,2,2015Q2,LLY,2015-06-30
470,4959700000,1236900000,,,799700000,3,2015Q3,LLY,2015-09-30
471,5375600000,1389200000,,,478400000,4,2015Q4,LLY,2015-12-31
472,4865100000,1323000000,,,440100000,1,2016Q1,LLY,2016-03-31
473,5404800000,1465000000,,,747700000,2,2016Q2,LLY,2016-06-30
474,5191700000,1400900000,,,778000000,3,2016Q3,LLY,2016-09-30
475,5760500000,1466000000,,,771800000,4,2016Q4,LLY,2016-12-31
476,5228300000,,,,-110800000,1,2017Q1,LLY,2017-03-31
477,5824300000,,,,1008000000,2,2017Q2,LLY,2017-06-30
478,5658000000,,,,555600000,3,2017Q3,LLY,2017-09-30
479,6160700000,,,,-1656900000,4,2017Q4,LLY,2017-12-31
480,5700000000,,,,1217400000,1,2018Q1,LLY,2018-03-31
481,6355200000,,,,-259900000,2,2018Q2,LLY,2018-06-30
482,6061900000,,,,1149500000,3,2018Q3,LLY,2018-09-30
483,6438600000,,,,1125000000,4,2018Q4,LLY,2018-12-31
484,5092200000,,,,4241600000,1,2019Q1,LLY,2019-03-31
485,5636700000,,,,1327200000,2,2019Q2,LLY,2019-06-30
486,5476600000,,,,1253900000,3,2019Q3,LLY,2019-09-30
487,6114000000,,,,1495700000,4,2019Q4,LLY,2019-12-31
488,5859800000,,,,1456500000,1,2020Q1,LLY,2020-03-31
489,5499400000,,,,1412000000,2,2020Q2,LLY,2020-06-30
490,5740600000,,,,1208400000,3,2020Q3,LLY,2020-09-30
491,7440000000,,,,2116800000,4,2020Q4,LLY,2020-12-31
492,6805600000,,,,1355300000,1,2021Q1,LLY,2021-03-31
493,6740100000,,,,1390200000,2,2021Q2,LLY,2021-06-30
494,6772800000,,,,1110100000,3,2021Q3,LLY,2021-09-30
495,7999900000,,,,1726100000,4,2021Q4,LLY,2021-12-31
496,7810000000,,,,1902900000,1,2022Q1,LLY,2022-03-31
497,6488000000,,,,952500000,2,2022Q2,LLY,2022-06-30
498,6941600000,,,,1451700000,3,2022Q3,LLY,2022-09-30
499,7301800000,,,,1937700000,4,2022Q4,LLY,2022-12-31
500,6960000000,,,,1344900000,1,2023Q1,LLY,2023-03-31
501,8312100000,,,,1763200000,2,2023Q2,LLY,2023-06-30
502,9498600000,,,,-57400000,3,2023Q3,LLY,2023-09-30
503,9353400000,,,,2189700000,4,2023Q4,LLY,2023-12-31
504,11239500000,8156500000,,10009250000,885250000,1,2007Q1,CAT,2007-04-01
505,11239500000,8156500000,,10009250000,885250000,2,2007Q2,CAT,2007-06-30
506,11239500000,8156500000,,10009250000,885250000,3,2007Q3,CAT,2007-09-28
507,11239500000,8156500000,,10009250000,885250000,4,2007Q4,CAT,2007-12-31
508,11796000000,-8609000000,161250000,10503000000,922000000,1,2008Q1,CAT,2008-03-31
509,13624000000,-10036000000,161250000,12099000000,1106000000,2,2008Q2,CAT,2008-06-30
510,12981000000,9704000000,161250000,11808000000,868000000,3,2008Q3,CAT,2008-09-30
511,12923000000,47356000000,161250000,12466000000,661000000,4,2008Q4,CAT,2008-12-31
512,9225000000,-18531000000,32000000,9400000000,-112000000,1,2009Q1,CAT,2009-03-31
513,7975000000,5752000000,34000000,7628000000,371000000,2,2009Q2,CAT,2009-06-30
514,7298000000,5255000000,69000000,7021000000,404000000,3,2009Q3,CAT,2009-09-30
515,7898000000,5852000000,,7770000000,232000000,4,2009Q4,CAT,2009-12-31
516,8238000000,5894000000,42000000,7730000000,233000000,1,2010Q1,CAT,2010-03-31
517,10409000000,7372000000,48000000,9432000000,707000000,2,2010Q2,CAT,2010-06-30
518,11134000000,7752000000,45000000,9947000000,792000000,3,2010Q3,CAT,2010-09-30
519,12807000000,9349000000,50000000,11516000000,968000000,4,2010Q4,CAT,2010-12-31
520,12949000000,9057000000,37000000,11116000000,,1,2011Q1,CAT,2011-03-31
521,14230000000,10303000000,43000000,12629000000,,2,2011Q2,CAT,2011-06-30
522,15716000000,11455000000,45000000,13957000000,,3,2011Q3,CAT,2011-09-30
523,17243000000,12763000000,44000000,15283000000,,4,2011Q4,CAT,2011-12-31
524,15981000000,11237000000,40000000,13658000000,,1,2012Q1,CAT,2012-03-31
525,17374000000,12280000000,46000000,14758000000,,2,2012Q2,CAT,2012-06-30
526,16445000000,11639000000,47000000,13849000000,,3,2012Q3,CAT,2012-09-30
527,16075000000,11899000000,79000000,15037000000,,4,2012Q4,CAT,2012-12-31
528,13210000000,9639000000,53000000,11992000000,,1,2013Q1,CAT,2013-03-31
529,14621000000,10773000000,76000000,13064000000,,2,2013Q2,CAT,2013-06-30
530,13423000000,9774000000,65000000,12022000000,,3,2013Q3,CAT,2013-09-30
531,14402000000,10541000000,94000000,12950000000,,4,2013Q4,CAT,2013-12-31
532,13241000000,9437000000,89000000,11843000000,,1,2014Q1,CAT,2014-03-31
533,14150000000,10197000000,94000000,12675000000,,2,2014Q2,CAT,2014-06-30
534,13549000000,9634000000,96000000,12157000000,,3,2014Q3,CAT,2014-09-30
535,14244000000,10499000000,91000000,13181000000,,4,2014Q4,CAT,2014-12-31
536,12702000000,8843000000,,11175000000,,1,2015Q1,CAT,2015-03-31
537,12317000000,8762000000,,11187000000,,2,2015Q2,CAT,2015-06-30
538,10962000000,7954000000,,10249000000,,3,2015Q3,CAT,2015-09-30
539,11030000000,8183000000,,11144000000,,4,2015Q4,CAT,2015-12-31
540,9461000000,6822000000,,8967000000,,1,2016Q1,CAT,2016-03-31
541,10342000000,7419000000,,9557000000,,2,2016Q2,CAT,2016-06-30
542,9160000000,6527000000,,8679000000,,3,2016Q3,CAT,2016-09-30
543,9574000000,7541000000,,10836000000,,4,2016Q4,CAT,2016-12-31
544,9822000000,,,9405000000,,1,2017Q1,CAT,2017-03-31
545,11331000000,,,10080000000,,2,2017Q2,CAT,2017-06-30
546,11413000000,,,9836000000,,3,2017Q3,CAT,2017-09-30
547,12896000000,,,11735000000,,4,2017Q4,CAT,2017-12-31
548,12859000000,,,10751000000,,1,2018Q1,CAT,2018-03-31
549,14011000000,,,11844000000,,2,2018Q2,CAT,2018-06-30
550,13510000000,,,11375000000,,3,2018Q3,CAT,2018-09-30
551,14342000000,,,12459000000,,4,2018Q4,CAT,2018-12-31
552,13466000000,,,,,1,2019Q1,CAT,2019-03-31
553,14432000000,,,,,2,2019Q2,CAT,2019-06-30
554,12758000000,,,,,3,2019Q3,CAT,2019-09-30
555,13144000000,,,,,4,2019Q4,CAT,2019-12-31
556,10635000000,,,,,1,2020Q1,CAT,2020-03-31
557,9997000000,,,,,2,2020Q2,CAT,2020-06-30
558,9881000000,,,,,3,2020Q3,CAT,2020-09-30
559,11235000000,,,,,4,2020Q4,CAT,2020-12-31
560,11887000000,,,,,1,2021Q1,CAT,2021-03-31
561,12889000000,,,,,2,2021Q2,CAT,2021-06-30
562,12397000000,,,,,3,2021Q3,CAT,2021-09-30
563,13798000000,,,,,4,2021Q4,CAT,2021-12-31
564,13589000000,,,,,1,2022Q1,CAT,2022-03-31
565,14247000000,,,,,2,2022Q2,CAT,2022-06-30
566,14994000000,,,,,3,2022Q3,CAT,2022-09-30
567,16597000000,,,,,4,2022Q4,CAT,2022-12-31
568,15862000000,,,,,1,2023Q1,CAT,2023-03-31
569,17318000000,,,,,2,2023Q2,CAT,2023-06-30
570,16810000000,,,,,3,2023Q3,CAT,2023-09-30
571,17070000000,,,,,4,2023Q4,CAT,2023-12-31
572,7527250000,3678000000,,,1275000000,1,2016Q1,MMM,2007-04-01
573,7527250000,3799000000,,,1291000000,2,2016Q2,MMM,2007-06-30
574,7527250000,3847000000,,,1329000000,3,2016Q3,MMM,2007-09-28
575,7527250000,3716000000,,,1155000000,4,2016Q4,MMM,2007-12-31
576,7685000000,3869000000,,,1323000000,1,2017Q1,MMM,2008-03-31
577,7810000000,4007000000,,,1583000000,2,2017Q2,MMM,2008-06-30
578,8172000000,4045000000,,,1429000000,3,2017Q3,MMM,2008-09-30
579,7990000000,4080000000,,,523000000,4,2017Q4,MMM,2008-12-31
580,8278000000,4236000000,,,602000000,1,2018Q1,MMM,2009-03-31
581,8390000000,4227000000,,,1857000000,2,2018Q2,MMM,2009-06-30
582,8152000000,4159000000,,,1543000000,3,2018Q3,MMM,2009-09-30
583,7945000000,4060000000,,,1347000000,4,2018Q4,MMM,2009-12-31
584,7863000000,4310000000,,,891000000,1,2019Q1,MMM,2010-03-31
585,8171000000,4313000000,,,1127000000,2,2019Q2,MMM,2010-06-30
586,7991000000,4188000000,,,1583000000,3,2019Q3,MMM,2010-09-30
587,8111000000,4325000000,,,969000000,4,2019Q4,MMM,2010-12-31
588,8583000000,4388000000,,,1389000000,4,2020Q4,MMM,2011-03-31
589,8075000000,4109000000,,,1292000000,1,2020Q1,MMM,2011-06-30
590,7176000000,3805000000,,,1290000000,2,2020Q2,MMM,2011-09-30
591,8350000000,4303000000,,,1413000000,3,2020Q3,MMM,2011-12-31
592,8612000000,4698000000,,,1339000000,4,2021Q4,MMM,2012-03-31
593,8851000000,4525000000,,,1624000000,1,2021Q1,MMM,2012-06-30
594,8950000000,4719000000,,,1524000000,2,2021Q2,MMM,2012-09-30
595,8942000000,4853000000,,,1434000000,3,2021Q3,MMM,2012-12-31
596,8829000000,4826000000,,,1299000000,1,2022Q1,MMM,2013-03-31
597,8702000000,5093000000,,,78000000,2,2022Q2,MMM,2013-06-30
598,8619000000,4728000000,,,3859000000,3,2022Q3,MMM,2013-09-30
599,8079000000,4585000000,,,541000000,4,2022Q4,MMM,2013-12-31
600,8031000000,4613000000,,,976000000,1,2023Q1,MMM,2014-03-31
601,8325000000,4606000000,,,-6841000000,2,2023Q2,MMM,2014-06-30
602,8312000000,4580000000,,,-2075000000,3,2023Q3,MMM,2014-09-30
603,6002000000,3795000000,,,945000000,4,2023Q4,MMM,2014-12-31
604,,3183750000,,,1024000000,1,2007Q1,MMM,2015-03-31
605,,3183750000,,,1024000000,2,2007Q2,MMM,2015-06-30
606,,3183750000,,,1024000000,3,2007Q3,MMM,2015-09-30
607,,3183750000,,,1024000000,4,2007Q4,MMM,2015-12-31
608,,3336000000,,,988000000,1,2008Q1,MMM,2016-03-31
609,,3510000000,,,945000000,2,2008Q2,MMM,2016-06-30
610,,3432000000,,,991000000,3,2008Q3,MMM,2016-09-30
611,,3101000000,,,536000000,4,2008Q4,MMM,2016-12-31
612,,2772000000,,,518000000,1,2009Q1,MMM,2017-03-31
613,,2977000000,,,783000000,2,2009Q2,MMM,2017-06-30
614,,3171000000,,,957000000,3,2009Q3,MMM,2017-09-30
615,,3189000000,,,935000000,4,2009Q4,MMM,2017-12-31
616,,3238000000,,,930000000,1,2010Q1,MMM,2018-03-31
617,,3435000000,,,1121000000,2,2010Q2,MMM,2018-06-30
618,,3583000000,,,1106000000,3,2010Q3,MMM,2018-09-30
619,,3575000000,,,928000000,4,2010Q4,MMM,2018-12-31
620,,3802000000,,,1081000000,1,2011Q1,MMM,2019-03-31
621,,4040000000,,,1160000000,2,2011Q2,MMM,2019-06-30
622,,4027000000,,,1088000000,3,2011Q3,MMM,2019-09-30
623,,3824000000,,,954000000,4,2011Q4,MMM,2019-12-31
624,,3889000000,,,1125000000,1,2012Q1,MMM,2020-03-31
625,,3870000000,,,1167000000,2,2012Q2,MMM,2020-06-30
626,,3935000000,,,1161000000,3,2012Q3,MMM,2020-09-30
627,,3991000000,,,991000000,4,2012Q4,MMM,2020-12-31
628,,3969000000,,,1129000000,1,2013Q1,MMM,2021-03-31
629,,4013000000,,,1197000000,2,2013Q2,MMM,2021-06-30
630,,4148000000,,,1230000000,3,2013Q3,MMM,2021-09-30
631,,3976000000,,,1103000000,4,2013Q4,MMM,2021-12-31
632,,4031000000,,,1207000000,1,2014Q1,MMM,2022-03-31
633,,4184000000,,,1267000000,2,2014Q2,MMM,2022-06-30
634,,4205000000,,,1303000000,3,2014Q3,MMM,2022-09-30
635,,4027000000,,,1179000000,4,2014Q4,MMM,2022-12-31
636,,3821000000,,,1199000000,1,2015Q1,MMM,2023-03-31
637,,3858000000,,,1300000000,2,2015Q2,MMM,2023-06-30
638,,3877000000,,,1296000000,3,2015Q3,MMM,2023-09-30
639,,3827000000,,,1038000000,4,2015Q4,MMM,2023-12-31
640,29732000000,,,24631000000,2987750000,1,2007Q1,T,2007-04-01
641,29732000000,,,24631000000,2987750000,2,2007Q2,T,2007-06-30
642,29732000000,,,24631000000,2987750000,3,2007Q3,T,2007-09-28
643,29732000000,,,24631000000,2987750000,4,2007Q4,T,2007-12-31
644,30744000000,,,24764000000,3461000000,1,2008Q1,T,2008-03-31
645,30866000000,,,24299000000,3772000000,2,2008Q2,T,2008-06-30
646,31342000000,,,25724000000,3230000000,3,2008Q3,T,2008-09-30
647,31076000000,,,26178000000,2404000000,4,2008Q4,T,2008-12-31
648,30571000000,,,24834000000,3126000000,1,2009Q1,T,2009-03-31
649,30734000000,,,25228000000,3198000000,2,2009Q2,T,2009-06-30
650,30855000000,,,25467000000,3192000000,3,2009Q3,T,2009-09-30
651,30708000000,,,25997000000,2730000000,4,2009Q4,T,2009-12-31
652,30649000000,,,24639000000,2475000000,1,2010Q1,T,2010-03-31
653,30808000000,,,24694000000,4023000000,2,2010Q2,T,2010-06-30
654,31581000000,,,26117000000,12339000000,3,2010Q3,T,2010-09-30
655,31361000000,,,29257000000,1089000000,4,2010Q4,T,2010-12-31
656,31247000000,,,25439000000,3408000000,1,2011Q1,T,2011-03-31
657,31495000000,,,25330000000,3591000000,2,2011Q2,T,2011-06-30
658,31478000000,,,25243000000,3623000000,3,2011Q3,T,2011-09-30
659,32503000000,,,41493000000,-6678000000,4,2011Q4,T,2011-12-31
660,31822000000,,,25721000000,3584000000,1,2012Q1,T,2012-03-31
661,31575000000,,,24758000000,3902000000,2,2012Q2,T,2012-06-30
662,31459000000,,,25422000000,3635000000,3,2012Q3,T,2012-09-30
663,32578000000,,,38536000000,-3857000000,4,2012Q4,T,2012-12-31
664,31356000000,4161000000,,,3700000000,1,2013Q1,T,2013-03-31
665,32075000000,4161000000,,,3822000000,2,2013Q2,T,2013-06-30
666,32158000000,4161000000,,,3814000000,3,2013Q3,T,2013-09-30
667,33163000000,4161000000,,,6913000000,4,2013Q4,T,2013-12-31
668,32476000000,,,,3652000000,1,2014Q1,T,2014-03-31
669,32575000000,,,,3547000000,2,2014Q2,T,2014-06-30
670,32957000000,,,,3002000000,3,2014Q3,T,2014-09-30
671,34439000000,,,,-3977000000,4,2014Q4,T,2014-12-31
672,32576000000,4546000000,,,3200000000,1,2015Q1,T,2015-03-31
673,33015000000,4353000000,,,3044000000,2,2015Q2,T,2015-06-30
674,39091000000,4501000000,,,2994000000,3,2015Q3,T,2015-09-30
675,42119000000,5868000000,,,4006000000,4,2015Q4,T,2015-12-31
676,40535000000,4375000000,,,3803000000,1,2016Q1,T,2016-03-31
677,40520000000,4260000000,,,3408000000,2,2016Q2,T,2016-06-30
678,40890000000,4455000000,,,3328000000,3,2016Q3,T,2016-09-30
679,41841000000,5667000000,,,2437000000,4,2016Q4,T,2016-12-31
680,39365000000,3848000000,,,3469000000,1,2017Q1,T,2017-03-31
681,39837000000,4138000000,,,3915000000,2,2017Q2,T,2017-06-30
682,39668000000,4191000000,,,3029000000,3,2017Q3,T,2017-09-30
683,41676000000,6532000000,,,19037000000,4,2017Q4,T,2017-12-31
684,38038000000,,,,4662000000,1,2018Q1,T,2018-03-31
685,38986000000,,,,5132000000,2,2018Q2,T,2018-06-30
686,45739000000,,,,4718000000,3,2018Q3,T,2018-09-30
687,47993000000,,,,4858000000,4,2018Q4,T,2018-12-31
688,44827000000,,,,4096000000,1,2019Q1,T,2019-03-31
689,44957000000,,,,3713000000,2,2019Q2,T,2019-06-30
690,44588000000,,,,3700000000,3,2019Q3,T,2019-09-30
691,46821000000,,,,2394000000,4,2019Q4,T,2019-12-31
692,42779000000,,,,4610000000,1,2020Q1,T,2020-03-31
693,40950000000,,,,1281000000,2,2020Q2,T,2020-06-30
694,42340000000,,,,2816000000,3,2020Q3,T,2020-09-30
695,45691000000,,,,-13883000000,4,2020Q4,T,2020-12-31
696,43939000000,,,,7550000000,1,2021Q1,T,2021-03-31
697,44045000000,,,,1570000000,2,2021Q2,T,2021-06-30
698,39922000000,,,,5918000000,3,2021Q3,T,2021-09-30
699,31095000000,,,,5043000000,4,2021Q4,T,2021-12-31
700,38105000000,,,,4810000000,1,2022Q1,T,2022-03-31
701,29643000000,,,,4157000000,2,2022Q2,T,2022-06-30
702,30043000000,,,,6026000000,3,2022Q3,T,2022-09-30
703,31343000000,,,,-23517000000,4,2022Q4,T,2022-12-31
704,30139000000,,,,4228000000,1,2023Q1,T,2023-03-31
705,29917000000,,,,4489000000,2,2023Q2,T,2023-06-30
706,30350000000,,,,3495000000,3,2023Q3,T,2023-09-30
707,32022000000,,,,2188000000,4,2023Q4,T,2023-12-31
708,53909750000,45449000000,30423000000,6252000000,18361000000,1,2015Q1,AAPL,2006-12-30
709,53909750000,30636000000,19921000000,5934000000,10516000000,2,2016Q2,AAPL,2007-03-30
710,53909750000,26252000000,16106000000,6001000000,7796000000,3,2016Q3,AAPL,2007-06-28
711,53909750000,29039000000,17813000000,6052000000,9014000000,4,2016Q4,AAPL,2007-09-29
712,78351000000,48175000000,30176000000,6817000000,17891000000,1,2016Q1,AAPL,2008-12-27
713,52896000000,32305000000,20591000000,6494000000,11029000000,2,2017Q2,AAPL,2009-03-28
714,45408000000,27920000000,17488000000,6720000000,8717000000,3,2017Q3,AAPL,2009-06-27
715,52579000000,32648000000,19931000000,6811000000,10714000000,4,2017Q4,AAPL,2009-09-30
716,,3963000000,2038500000,936250000,874000000,1,2006Q1,AAPL,2009-12-26
717,,3963000000,2038500000,936250000,874000000,2,2007Q2,AAPL,2010-03-27
718,,3963000000,2038500000,936250000,874000000,3,2007Q3,AAPL,2010-06-26
719,,3963000000,2038500000,936250000,874000000,4,2007Q4,AAPL,2010-09-30
720,,7373000000,4507000000,1406000000,2255000000,1,2008Q1,AAPL,2010-12-25
721,,9272000000,6411000000,1686000000,3378000000,1,2009Q1,AAPL,2011-03-26
722,,5457000000,3627000000,1304000000,1620000000,2,2009Q2,AAPL,2011-06-25
723,,5314000000,3023000000,1351000000,1229000000,3,2009Q3,AAPL,2011-09-30
724,,5253000000,5105000000,1421000000,2532000000,4,2009Q4,AAPL,2011-12-31
725,,16443000000,10298000000,2471000000,6004000000,1,2010Q1,AAPL,2012-03-31
726,,7874000000,5625000000,1646000000,3074000000,2,2010Q2,AAPL,2012-06-30
727,,9564000000,6136000000,1902000000,3253000000,3,2010Q3,AAPL,2012-09-30
728,,12831000000,7512000000,2065000000,4308000000,4,2010Q4,AAPL,2012-12-29
729,,25630000000,20703000000,3363000000,13064000000,1,2011Q1,AAPL,2013-03-30
730,,14449000000,10218000000,2344000000,5987000000,2,2011Q2,AAPL,2013-06-29
731,,16649000000,11922000000,2543000000,7308000000,3,2011Q3,AAPL,2013-09-30
732,,16890000000,11380000000,2670000000,6623000000,4,2011Q4,AAPL,2013-12-28
733,,33452000000,21060000000,3850000000,13078000000,1,2012Q1,AAPL,2014-03-29
734,,20622000000,18564000000,3180000000,11622000000,2,2012Q2,AAPL,2014-06-28
735,,20029000000,14994000000,3421000000,8824000000,3,2012Q3,AAPL,2014-09-30
736,,21565000000,14401000000,3457000000,8223000000,4,2012Q4,AAPL,2014-12-27
737,,35748000000,21846000000,4383000000,13072000000,1,2013Q1,AAPL,2015-03-28
738,,27254000000,16349000000,3791000000,9547000000,2,2013Q2,AAPL,2015-06-27
739,,22299000000,13024000000,3823000000,6900000000,3,2013Q3,AAPL,2015-09-30
740,,23601000000,13871000000,3841000000,7512000000,4,2013Q4,AAPL,2015-12-26
741,,44858000000,29741000000,5495000000,18024000000,1,2014Q1,AAPL,2016-03-26
742,,27699000000,17947000000,4354000000,10223000000,2,2014Q2,AAPL,2016-06-25
743,,22697000000,14735000000,4453000000,7748000000,3,2014Q3,AAPL,2016-09-30
744,,26114000000,16009000000,4844000000,8467000000,4,2014Q4,AAPL,2016-12-31
745,,34354000000,23656000000,5378000000,13569000000,2,2015Q2,AAPL,2017-04-01
746,,29924000000,19681000000,5598000000,10677000000,3,2015Q3,AAPL,2017-07-01
747,,30953000000,20548000000,5925000000,11124000000,4,2015Q4,AAPL,2017-09-30
748,,54381000000,33912000000,7638000000,20065000000,1,2017Q1,AAPL,2017-12-30
749,,52279000000,32031000000,8685000000,19965000000,1,2018Q1,AAPL,2018-03-31
750,,37715000000,23422000000,7528000000,13822000000,2,2018Q2,AAPL,2018-06-30
751,,32844000000,20421000000,7809000000,11519000000,3,2018Q3,AAPL,2018-09-30
752,,38816000000,24084000000,7966000000,14125000000,4,2018Q4,AAPL,2018-12-29
753,,56602000000,35217000000,9648000000,22236000000,1,2019Q1,AAPL,2019-03-30
754,,36194000000,21821000000,8406000000,11561000000,2,2019Q2,AAPL,2019-06-29
755,,33582000000,20227000000,8683000000,10044000000,3,2019Q3,AAPL,2019-09-30
756,,39727000000,24313000000,8688000000,13686000000,4,2019Q4,AAPL,2019-12-28
757,,67111000000,44328000000,10794000000,28755000000,1,2020Q1,AAPL,2020-03-28
758,,35943000000,22370000000,9517000000,11249000000,2,2020Q2,AAPL,2020-06-27
759,,37005000000,22680000000,9589000000,11253000000,3,2020Q3,AAPL,2020-09-30
760,,40009000000,24689000000,9914000000,12673000000,4,2020Q4,AAPL,2020-12-26
761,,69702000000,54243000000,12755000000,34630000000,1,2021Q1,AAPL,2021-03-27
762,,51505000000,38079000000,10576000000,23630000000,2,2021Q2,AAPL,2021-06-26
763,,46179000000,35255000000,11129000000,21744000000,3,2021Q3,AAPL,2021-09-30
764,,48186000000,35174000000,11388000000,20551000000,4,2021Q4,AAPL,2021-12-25
765,,66822000000,50332000000,14316000000,29998000000,1,2022Q1,AAPL,2022-03-26
766,,54719000000,42559000000,12580000000,25010000000,2,2022Q2,AAPL,2022-06-25
767,,47074000000,35885000000,12809000000,19442000000,3,2022Q3,AAPL,2022-09-30
768,,52051000000,38095000000,13201000000,20721000000,4,2022Q4,AAPL,2022-12-31
769,,52860000000,41976000000,13658000000,24160000000,2,2023Q2,AAPL,2023-04-01
770,,45384000000,36413000000,13415000000,19881000000,3,2023Q3,AAPL,2023-07-01
771,,49071000000,40427000000,13458000000,22956000000,4,2023Q4,AAPL,2023-09-30
772,13762000000,,11087000000,,4289000000,1,2007Q1,MSFT,2007-09-30
773,16367000000,,12824000000,,4707000000,2,2007Q2,MSFT,2007-12-31
774,14454000000,,11940000000,,4388000000,3,2008Q3,MSFT,2008-03-31
775,15837000000,,12971000000,,4297000000,4,2008Q4,MSFT,2008-06-30
776,15061000000,,12213000000,,4373000000,1,2008Q1,MSFT,2008-09-30
777,16629000000,,12722000000,,4174000000,2,2008Q2,MSFT,2008-12-31
778,13648000000,,10834000000,,2977000000,3,2009Q3,MSFT,2009-03-31
779,13099000000,,10513000000,,3045000000,4,2009Q4,MSFT,2009-06-30
780,,4170250000,13415000000,7081000000,5244000000,1,2013Q1,MSFT,2009-09-30
781,,4170250000,16235000000,8266000000,6558000000,2,2013Q2,MSFT,2009-12-31
782,,5352500000,14928000000,,4540000000,1,2014Q1,MSFT,2010-03-31
783,,5352500000,16334000000,,5863000000,2,2014Q2,MSFT,2010-06-30
784,,4170250000,14462000000,7488000000,5660000000,3,2014Q3,MSFT,2010-09-30
785,,4170250000,15787000000,9305000000,4612000000,4,2014Q4,MSFT,2010-12-31
786,,4035000000,13172000000,,4620000000,1,2015Q1,MSFT,2011-03-31
787,,6268000000,13924000000,,4998000000,2,2015Q2,MSFT,2011-06-30
788,,5352500000,14568000000,,4985000000,3,2015Q3,MSFT,2011-09-30
789,,5352500000,14712000000,,-3195000000,4,2015Q4,MSFT,2011-12-31
790,,3581000000,12609000000,,4690000000,1,2016Q1,MSFT,2012-03-31
791,,5378000000,14189000000,,5200000000,2,2016Q2,MSFT,2012-06-30
792,,3801000000,12809000000,,3756000000,3,2016Q3,MSFT,2012-09-30
793,,3776000000,12635000000,,3122000000,4,2016Q4,MSFT,2012-12-31
794,,3075000000,14030000000,,4801000000,3,2017Q3,MSFT,2013-03-31
795,,3141000000,14861000000,,6513000000,4,2017Q4,MSFT,2013-06-30
796,,,10078000000,,3574000000,1,2009Q1,MSFT,2013-09-30
797,,,15394000000,,6662000000,2,2009Q2,MSFT,2013-12-31
798,,,13056000000,6801250000,5410000000,1,2010Q1,MSFT,2014-03-31
799,,,15120000000,6801250000,6634000000,2,2010Q2,MSFT,2014-06-30
800,,,11748000000,,4006000000,3,2010Q3,MSFT,2014-09-30
801,,,12869000000,,4518000000,4,2010Q4,MSFT,2014-12-31
802,,,13595000000,6392000000,5738000000,1,2011Q1,MSFT,2015-03-31
803,,,15247000000,7253000000,6624000000,2,2011Q2,MSFT,2015-06-30
804,,,12531000000,6801250000,5232000000,3,2011Q3,MSFT,2015-09-30
805,,,13659000000,6801250000,5874000000,4,2011Q4,MSFT,2015-12-31
806,,,11840000000,6532000000,4466000000,1,2012Q1,MSFT,2016-03-31
807,,,15764000000,7993000000,6377000000,2,2012Q2,MSFT,2016-06-30
808,,,13455000000,7081000000,5108000000,3,2012Q3,MSFT,2016-09-30
809,,,13896000000,13704000000,-492000000,4,2012Q4,MSFT,2016-12-31
810,,,15702000000,8090000000,6055000000,3,2013Q3,MSFT,2017-03-31
811,,,14294000000,8221000000,4965000000,4,2013Q4,MSFT,2017-06-30
812,,,16260000000,,6576000000,1,2017Q1,MSFT,2017-09-30
813,,,17854000000,,-6302000000,2,2017Q2,MSFT,2017-12-31
814,,,19179000000,,8824000000,1,2018Q1,MSFT,2018-03-31
815,,,20048000000,,8420000000,2,2018Q2,MSFT,2018-06-30
816,,,17550000000,,7424000000,3,2018Q3,MSFT,2018-09-30
817,,,20343000000,,8873000000,4,2018Q4,MSFT,2018-12-31
818,,,22649000000,,10678000000,1,2019Q1,MSFT,2019-03-31
819,,,24548000000,,11649000000,2,2019Q2,MSFT,2019-06-30
820,,,20401000000,,8809000000,3,2019Q3,MSFT,2019-09-30
821,,,23305000000,,13187000000,4,2019Q4,MSFT,2019-12-31
822,,,26152000000,,13893000000,1,2020Q1,MSFT,2020-03-31
823,,,28882000000,,15463000000,2,2020Q2,MSFT,2020-06-30
824,,,24046000000,,10752000000,3,2020Q3,MSFT,2020-09-30
825,,,25694000000,,11202000000,4,2020Q4,MSFT,2020-12-31
826,,,31671000000,,20505000000,1,2021Q1,MSFT,2021-03-31
827,,,34768000000,,18765000000,2,2021Q2,MSFT,2021-06-30
828,,,28661000000,,15457000000,3,2021Q3,MSFT,2021-09-30
829,,,32161000000,,16458000000,4,2021Q4,MSFT,2021-12-31
830,,,34670000000,,17556000000,1,2022Q1,MSFT,2022-03-31
831,,,35259000000,,16425000000,2,2022Q2,MSFT,2022-06-30
832,,,33745000000,,16728000000,3,2022Q3,MSFT,2022-09-30
833,,,35436000000,,16740000000,4,2022Q4,MSFT,2022-12-31
834,,,36729000000,,18299000000,3,2023Q3,MSFT,2023-03-31
835,,,39394000000,,20081000000,4,2023Q4,MSFT,2023-06-30
836,3708750000,2870500000,,674500000,119000000,1,2007Q1,AMZN,2007-04-01
837,3708750000,2870500000,,674500000,119000000,2,2007Q2,AMZN,2007-06-30
838,3708750000,2870500000,,674500000,119000000,3,2007Q3,AMZN,2007-09-28
839,3708750000,2870500000,,674500000,119000000,4,2007Q4,AMZN,2007-12-31
840,4135000000,3179000000,,758000000,161250000,1,2008Q1,AMZN,2008-03-31
841,4063000000,3096000000,,750000000,161250000,2,2008Q2,AMZN,2008-06-30
842,4264000000,3265000000,,845000000,161250000,3,2008Q3,AMZN,2008-09-30
843,6704000000,5356000000,,1075000000,161250000,4,2008Q4,AMZN,2008-12-31
844,4889000000,3741000000,,4645000000,,1,2009Q1,AMZN,2009-03-31
845,4651000000,3518000000,,4492000000,,2,2009Q2,AMZN,2009-06-30
846,5449000000,4176000000,,5198000000,,3,2009Q3,AMZN,2009-09-30
847,9519000000,7543000000,,-9933000000,,4,2009Q4,AMZN,2009-12-31
848,7131000000,5501000000,,,,1,2010Q1,AMZN,2010-03-31
849,6566000000,4957000000,,,,2,2010Q2,AMZN,2010-06-30
850,7560000000,5786000000,,,,3,2010Q3,AMZN,2010-09-30
851,12948000000,10317000000,,,,4,2010Q4,AMZN,2010-12-31
852,9857000000,7608000000,,,,1,2011Q1,AMZN,2011-03-31
853,9913000000,7525000000,,,,2,2011Q2,AMZN,2011-06-30
854,10876000000,8325000000,,,,3,2011Q3,AMZN,2011-09-30
855,17431000000,13830000000,,,,4,2011Q4,AMZN,2011-12-31
856,13185000000,10027000000,,,,1,2012Q1,AMZN,2012-03-31
857,12834000000,9488000000,,,,2,2012Q2,AMZN,2012-06-30
858,13806000000,10319000000,,,,3,2012Q3,AMZN,2012-09-30
859,17431000000,16137000000,,,,4,2012Q4,AMZN,2012-12-31
860,16070000000,11801000000,,,,1,2013Q1,AMZN,2013-03-31
861,15704000000,11209000000,,,,2,2013Q2,AMZN,2013-06-30
862,17092000000,12366000000,,,,3,2013Q3,AMZN,2013-09-30
863,25587000000,18805000000,,,,4,2013Q4,AMZN,2013-12-31
864,19741000000,14055000000,,,,1,2014Q1,AMZN,2014-03-31
865,19340000000,13399000000,,,,2,2014Q2,AMZN,2014-06-30
866,20579000000,14627000000,,,,3,2014Q3,AMZN,2014-09-30
867,29328000000,20671000000,,,,4,2014Q4,AMZN,2014-12-31
868,22717000000,15395000000,,,,1,2015Q1,AMZN,2015-03-31
869,23185000000,15160000000,,,,2,2015Q2,AMZN,2015-06-30
870,25358000000,16755000000,,,,3,2015Q3,AMZN,2015-09-30
871,35747000000,24341000000,,,,4,2015Q4,AMZN,2015-12-31
872,29128000000,18866000000,,,,1,2016Q1,AMZN,2016-03-31
873,30404000000,19180000000,,,,2,2016Q2,AMZN,2016-06-30
874,32714000000,21260000000,,,,3,2016Q3,AMZN,2016-09-30
875,43741000000,28959000000,,,,4,2016Q4,AMZN,2016-12-31
876,,22440000000,,,,1,2017Q1,AMZN,2017-03-31
877,,23451000000,,,,2,2017Q2,AMZN,2017-06-30
878,,27549000000,,,,3,2017Q3,AMZN,2017-09-30
879,,38494000000,,,,4,2017Q4,AMZN,2017-12-31
880,,30735000000,,,,1,2018Q1,AMZN,2018-03-31
881,,30632000000,,,,2,2018Q2,AMZN,2018-06-30
882,,33003000000,,,,3,2018Q3,AMZN,2018-09-30
883,,44786000000,,,,4,2018Q4,AMZN,2018-12-31
884,,33920000000,,,,1,2019Q1,AMZN,2019-03-31
885,,36337000000,,,,2,2019Q2,AMZN,2019-06-30
886,,41302000000,,,,3,2019Q3,AMZN,2019-09-30
887,,53977000000,,,,4,2019Q4,AMZN,2019-12-31
888,,44257000000,,,,1,2020Q1,AMZN,2020-03-31
889,,52660000000,,,,2,2020Q2,AMZN,2020-06-30
890,,57106000000,,,,3,2020Q3,AMZN,2020-09-30
891,,79284000000,,,,4,2020Q4,AMZN,2020-12-31
892,,62403000000,,,8341000000,1,2021Q1,AMZN,2021-03-31
893,,64176000000,,,8341000000,2,2021Q2,AMZN,2021-06-30
894,,62930000000,,,8341000000,3,2021Q3,AMZN,2021-09-30
895,,82835000000,,,8341000000,4,2021Q4,AMZN,2021-12-31
896,,66499000000,,,-680500000,1,2022Q1,AMZN,2022-03-31
897,,66424000000,,,-680500000,2,2022Q2,AMZN,2022-06-30
898,,70268000000,,,-680500000,3,2022Q3,AMZN,2022-09-30
899,,85640000000,,,-680500000,4,2022Q4,AMZN,2022-12-31
900,,67791000000,,,7606250000,1,2023Q1,AMZN,2023-03-31
901,,69373000000,,,7606250000,2,2023Q2,AMZN,2023-06-30
902,,75022000000,,,7606250000,3,2023Q3,AMZN,2023-09-30
903,,92553000000,,,7606250000,4,2023Q4,AMZN,2023-12-31
904,493500000,123250000,,,151500000,1,2010Q1,META,2010-04-01
905,493500000,123250000,,,151500000,2,2010Q2,META,2010-06-30
906,493500000,123250000,,,151500000,3,2010Q3,META,2010-09-28
907,493500000,123250000,,,151500000,4,2010Q4,META,2010-12-31
908,731000000,167000000,,,231000000,1,2011Q1,META,2011-03-31
909,895000000,210000000,,,240000000,2,2011Q2,META,2011-06-30
910,954000000,236000000,,,227000000,3,2011Q3,META,2011-09-30
911,1131000000,247000000,,,302000000,4,2011Q4,META,2011-12-31
912,1058000000,277000000,,,205000000,1,2012Q1,META,2012-03-31
913,1184000000,367000000,,,-157000000,2,2012Q2,META,2012-06-30
914,1262000000,322000000,,,-59000000,3,2012Q3,META,2012-09-30
915,1585000000,398000000,,,64000000,4,2012Q4,META,2012-12-31
916,1458000000,413000000,,,219000000,1,2013Q1,META,2013-03-31
917,1813000000,465000000,,,333000000,2,2013Q2,META,2013-06-30
918,2016000000,507000000,,,425000000,3,2013Q3,META,2013-09-30
919,2585000000,490000000,,,523000000,4,2013Q4,META,2013-12-31
920,2502000000,462000000,,,642000000,1,2014Q1,META,2014-03-31
921,2910000000,473000000,,,791000000,2,2014Q2,META,2014-06-30
922,3203000000,565000000,,,806000000,3,2014Q3,META,2014-09-30
923,3851000000,653000000,,,701000000,4,2014Q4,META,2014-12-31
924,3543000000,654000000,,,512000000,1,2015Q1,META,2015-03-31
925,4042000000,668000000,,,719000000,2,2015Q2,META,2015-06-30
926,4501000000,720000000,,,896000000,3,2015Q3,META,2015-09-30
927,5842000000,825000000,,,1561000000,4,2015Q4,META,2015-12-31
928,5382000000,838000000,,,1510000000,1,2016Q1,META,2016-03-31
929,6436000000,916000000,,,2055000000,2,2016Q2,META,2016-06-30
930,7011000000,987000000,,,2379000000,3,2016Q3,META,2016-09-30
931,8809000000,1048000000,,,4273000000,4,2016Q4,META,2016-12-31
932,8032000000,1159000000,,,3064000000,1,2017Q1,META,2017-03-31
933,9321000000,1237000000,,,3894000000,2,2017Q2,META,2017-06-30
934,10328000000,1448000000,,,4707000000,3,2017Q3,META,2017-09-30
935,12972000000,1610000000,,,4269000000,4,2017Q4,META,2017-12-31
936,,1927000000,,,4988000000,1,2018Q1,META,2018-03-31
937,,2214000000,,,5106000000,2,2018Q2,META,2018-06-30
938,,2418000000,,,5137000000,3,2018Q3,META,2018-09-30
939,,2796000000,,,6881000000,4,2018Q4,META,2018-12-31
940,,2816000000,,,2429000000,1,2019Q1,META,2019-03-31
941,,3307000000,,,2616000000,2,2019Q2,META,2019-06-30
942,,3155000000,,,6091000000,3,2019Q3,META,2019-09-30
943,,3492000000,,,7349000000,4,2019Q4,META,2019-12-31
944,,3459000000,,,4902000000,1,2020Q1,META,2020-03-31
945,,3829000000,,,5178000000,2,2020Q2,META,2020-06-30
946,,4194000000,,,7846000000,3,2020Q3,META,2020-09-30
947,,5210000000,,,11220000000,4,2020Q4,META,2020-12-31
948,,5131000000,,,9497000000,1,2021Q1,META,2021-03-31
949,,5399000000,,,10394000000,2,2021Q2,META,2021-06-30
950,,5771000000,,,9194000000,3,2021Q3,META,2021-09-30
951,,6348000000,,,10285000000,4,2021Q4,META,2021-12-31
952,,6005000000,,,7465000000,1,2022Q1,META,2022-03-31
953,,5192000000,,,6687000000,2,2022Q2,META,2022-06-30
954,,5716000000,,,4395000000,3,2022Q3,META,2022-09-30
955,,8336000000,,,4653000000,4,2022Q4,META,2022-12-31
956,,6108000000,,,5709000000,1,2023Q1,META,2023-03-31
957,,5945000000,,,7788000000,2,2023Q2,META,2023-06-30
958,,6210000000,,,11583000000,3,2023Q3,META,2023-09-30
959,,7696000000,,,14018000000,4,2023Q4,META,2023-12-31
960,75375000000,,,,4550000000,1,2009Q1,XOM,2007-04-01
961,75375000000,,,,3950000000,2,2009Q2,XOM,2007-06-30
962,75375000000,,,,4730000000,3,2009Q3,XOM,2007-09-28
963,75375000000,,,,6050000000,4,2009Q4,XOM,2007-12-31
964,92531250000,,,,6300000000,1,2010Q1,XOM,2008-03-31
965,92531250000,,,,7560000000,2,2010Q2,XOM,2008-06-30
966,92531250000,,,,7350000000,3,2010Q3,XOM,2008-09-30
967,92531250000,,,,9250000000,4,2010Q4,XOM,2008-12-31
968,116757250000,,,,10650000000,1,2011Q1,XOM,2009-03-31
969,116757250000,,,,10680000000,2,2011Q2,XOM,2009-06-30
970,116757250000,,,,10330000000,3,2011Q3,XOM,2009-09-30
971,116757250000,,,,9400000000,4,2011Q4,XOM,2009-12-31
972,113280750000,,,,9450000000,1,2012Q1,XOM,2010-03-31
973,113280750000,,,,15910000000,2,2012Q2,XOM,2010-06-30
974,113280750000,,,,9570000000,3,2012Q3,XOM,2010-09-30
975,113280750000,,,,9950000000,4,2012Q4,XOM,2010-12-31
976,105209000000,,,,9500000000,1,2013Q1,XOM,2011-03-31
977,105209000000,,,,6860000000,2,2013Q2,XOM,2011-06-30
978,105209000000,,,,7870000000,3,2013Q3,XOM,2011-09-30
979,105209000000,,,,8350000000,4,2013Q4,XOM,2011-12-31
980,98526250000,,,,9100000000,1,2014Q1,XOM,2012-03-31
981,98526250000,,,,8780000000,2,2014Q2,XOM,2012-06-30
982,98526250000,,,,8070000000,3,2014Q3,XOM,2012-09-30
983,98526250000,,,,6570000000,4,2014Q4,XOM,2012-12-31
984,64872000000,,,,4940000000,1,2015Q1,XOM,2013-03-31
985,64872000000,,,,4190000000,2,2015Q2,XOM,2013-06-30
986,64872000000,,,,4240000000,3,2015Q3,XOM,2013-09-30
987,64872000000,,,,2780000000,4,2015Q4,XOM,2013-12-31
988,54652000000,,,,1810000000,1,2016Q1,XOM,2014-03-31
989,54652000000,,,,1700000000,2,2016Q2,XOM,2014-06-30
990,54652000000,,,,2650000000,3,2016Q3,XOM,2014-09-30
991,54652000000,,,,1680000000,4,2016Q4,XOM,2014-12-31
992,56474000000,,,,4010000000,1,2017Q1,XOM,2015-03-31
993,56026000000,,,,3350000000,2,2017Q2,XOM,2015-06-30
994,59350000000,,,,3970000000,3,2017Q3,XOM,2015-09-30
995,65312000000,,,,8380000000,4,2017Q4,XOM,2015-12-31
996,65436000000,,,,4650000000,1,2018Q1,XOM,2016-03-31
997,71456000000,,,,3950000000,2,2018Q2,XOM,2016-06-30
998,74187000000,,,,6240000000,3,2018Q3,XOM,2016-09-30
999,68253000000,,,,6000000000,4,2018Q4,XOM,2016-12-31
1000,61646000000,,,,2350000000,1,2019Q1,XOM,2017-03-31
1001,67491000000,,,,3130000000,2,2019Q2,XOM,2017-06-30
1002,65049000000,,,,3170000000,3,2019Q3,XOM,2017-09-30
1003,70752000000,,,,5690000000,4,2019Q4,XOM,2017-12-31
1004,56158000000,,,,-610000000,1,2020Q1,XOM,2018-03-31
1005,32605000000,,,,-1080000000,2,2020Q2,XOM,2018-06-30
1006,46199000000,,,,-680000000,3,2020Q3,XOM,2018-09-30
1007,46540000000,,,,-20070000000,4,2020Q4,XOM,2018-12-31
1008,59147000000,,,,2730000000,1,2021Q1,XOM,2019-03-31
1009,67742000000,,,,4690000000,2,2021Q2,XOM,2019-06-30
1010,73786000000,,,,6750000000,3,2021Q3,XOM,2019-09-30
1011,84965000000,,,,8870000000,4,2021Q4,XOM,2019-12-31
1012,90500000000,,,,5480000000,1,2022Q1,XOM,2020-03-31
1013,115681000000,,,,17850000000,2,2022Q2,XOM,2020-06-30
1014,112070000000,,,,19660000000,3,2022Q3,XOM,2020-09-30
1015,95429000000,,,,12750000000,4,2022Q4,XOM,2020-12-31
1016,86564000000,,,,11430000000,1,2023Q1,XOM,2021-03-31
1017,82914000000,,,,7880000000,2,2023Q2,XOM,2021-06-30
1018,90760000000,,,,9070000000,3,2023Q3,XOM,2021-09-30
1019,84344000000,,,,7630000000,4,2023Q4,XOM,2021-12-31
1020,,,,,10152500000,1,2007Q1,XOM,2022-03-31
1021,,,,,10152500000,2,2007Q2,XOM,2022-06-30
1022,,,,,10152500000,3,2007Q3,XOM,2022-09-30
1023,,,,,10152500000,4,2007Q4,XOM,2022-12-31
1024,,,,,10890000000,1,2008Q1,XOM,2023-03-31
1025,,,,,11680000000,2,2008Q2,XOM,2023-06-30
1026,,,,,14830000000,3,2008Q3,XOM,2023-09-30
1027,,,,,7820000000,4,2008Q4,XOM,2023-12-31
1028,17843000000,,,,3841250000,1,2007Q1,JPM,2007-04-01
1029,17843000000,,,,3841250000,2,2007Q2,JPM,2007-06-30
1030,17843000000,,,,3841250000,3,2007Q3,JPM,2007-09-28
1031,17843000000,,,,3841250000,4,2007Q4,JPM,2007-12-31
1032,16890000000,,,,2373000000,1,2008Q1,JPM,2008-03-31
1033,18399000000,,,,2003000000,2,2008Q2,JPM,2008-06-30
1034,14737000000,,,,527000000,3,2008Q3,JPM,2008-09-30
1035,17226000000,,,,702000000,4,2008Q4,JPM,2008-12-31
1036,25025000000,,,,2141000000,1,2009Q1,JPM,2009-03-31
1037,25623000000,,,,2721000000,2,2009Q2,JPM,2009-06-30
1038,26622000000,,,,3588000000,3,2009Q3,JPM,2009-09-30
1039,23164000000,,,,3278000000,4,2009Q4,JPM,2009-12-31
1040,27671000000,,,,3326000000,1,2010Q1,JPM,2010-03-31
1041,25101000000,,,,4795000000,2,2010Q2,JPM,2010-06-30
1042,23824000000,,,,4418000000,3,2010Q3,JPM,2010-09-30
1043,26098000000,,,,4831000000,4,2010Q4,JPM,2010-12-31
1044,25221000000,,,,5555000000,1,2011Q1,JPM,2011-03-31
1045,26779000000,,,,5431000000,2,2011Q2,JPM,2011-06-30
1046,23763000000,,,,4262000000,3,2011Q3,JPM,2011-09-30
1047,21471000000,,,,3728000000,4,2011Q4,JPM,2011-12-31
1048,26712000000,,,,5383000000,1,2012Q1,JPM,2012-03-31
1049,22180000000,,,,4960000000,2,2012Q2,JPM,2012-06-30
1050,25146000000,,,,5708000000,3,2012Q3,JPM,2012-09-30
1051,22993000000,,,,5233000000,4,2012Q4,JPM,2012-12-31
1052,25122000000,,,,6529000000,1,2013Q1,JPM,2013-03-31
1053,25211000000,,,,6496000000,2,2013Q2,JPM,2013-06-30
1054,23117000000,,,,-380000000,3,2013Q3,JPM,2013-09-30
1055,23156000000,,,,5278000000,4,2013Q4,JPM,2013-12-31
1056,22993000000,,,,5274000000,1,2014Q1,JPM,2014-03-31
1057,24454000000,,,,5985000000,2,2014Q2,JPM,2014-06-30
1058,24246000000,,,,5572000000,3,2014Q3,JPM,2014-09-30
1059,22512000000,,,,4931000000,4,2014Q4,JPM,2014-12-31
1060,23385750000,,,,5914000000,1,2015Q1,JPM,2015-03-31
1061,23385750000,,,,6290000000,2,2015Q2,JPM,2015-06-30
1062,23385750000,,,,6804000000,3,2015Q3,JPM,2015-09-30
1063,23385750000,,,,5434000000,4,2015Q4,JPM,2015-12-31
1064,23917000000,,,,5520000000,1,2016Q1,JPM,2016-03-31
1065,23917000000,,,,6200000000,2,2016Q2,JPM,2016-06-30
1066,23917000000,,,,6286000000,3,2016Q3,JPM,2016-09-30
1067,23917000000,,,,6727000000,4,2016Q4,JPM,2016-12-31
1068,24906000000,,,,6448000000,1,2017Q1,JPM,2017-03-31
1069,24906000000,,,,7029000000,2,2017Q2,JPM,2017-06-30
1070,24906000000,,,,6732000000,3,2017Q3,JPM,2017-09-30
1071,24906000000,,,,4232000000,4,2017Q4,JPM,2017-12-31
1072,27257250000,,,,8712000000,1,2018Q1,JPM,2018-03-31
1073,27257250000,,,,8316000000,2,2018Q2,JPM,2018-06-30
1074,27257250000,,,,8380000000,3,2018Q3,JPM,2018-09-30
1075,27257250000,,,,7066000000,4,2018Q4,JPM,2018-12-31
1076,28906750000,,,,9179000000,1,2019Q1,JPM,2019-03-31
1077,28906750000,,,,9652000000,2,2019Q2,JPM,2019-06-30
1078,28906750000,,,,9080000000,3,2019Q3,JPM,2019-09-30
1079,28906750000,,,,8520000000,4,2019Q4,JPM,2019-12-31
1080,,,,,2865000000,1,2020Q1,JPM,2020-03-31
1081,,,,,4687000000,2,2020Q2,JPM,2020-06-30
1082,,,,,9443000000,3,2020Q3,JPM,2020-09-30
1083,,,,,12136000000,4,2020Q4,JPM,2020-12-31
1084,,,,,14300000000,1,2021Q1,JPM,2021-03-31
1085,,,,,11948000000,2,2021Q2,JPM,2021-06-30
1086,,,,,11687000000,3,2021Q3,JPM,2021-09-30
1087,,,,,10399000000,4,2021Q4,JPM,2021-12-31
1088,,,,,8282000000,1,2022Q1,JPM,2022-03-31
1089,,,,,8649000000,2,2022Q2,JPM,2022-06-30
1090,,,,,9737000000,3,2022Q3,JPM,2022-09-30
1091,,,,,11008000000,4,2022Q4,JPM,2022-12-31
1092,,,,,12622000000,1,2023Q1,JPM,2023-03-31
1093,,,,,14472000000,2,2023Q2,JPM,2023-06-30
1094,,,,,13151000000,3,2023Q3,JPM,2023-09-30
1095,,,,,9307000000,4,2023Q4,JPM,2023-12-31
1096,301335000,166101750,104793000,81849750,16652000,1,2007Q1,NFLX,2007-04-01
1097,301335000,166101750,104793000,81849750,16652000,2,2007Q2,NFLX,2007-06-30
1098,301335000,166101750,104793000,81849750,16652000,3,2007Q3,NFLX,2007-09-28
1099,301335000,166101750,104793000,81849750,16652000,4,2007Q4,NFLX,2007-12-31
1100,326183000,187156000,103378000,88068000,13344000,1,2008Q1,NFLX,2008-03-31
1101,337614000,193769000,107527000,73326000,26579000,2,2008Q2,NFLX,2008-06-30
1102,341269000,186573000,116773000,82699000,20371000,3,2008Q3,NFLX,2008-09-30
1103,359595000,193635000,126749000,88828000,22732000,4,2008Q4,NFLX,2008-12-31
1104,394098000,217456000,134830000,98359000,22363000,1,2009Q1,NFLX,2009-03-31
1105,408509000,227316000,139266000,86484000,32443000,2,2009Q2,NFLX,2009-06-30
1106,423120000,233091000,147846000,98509000,30141000,3,2009Q3,NFLX,2009-09-30
1107,444542000,231598000,169056000,115707000,30913000,4,2009Q4,NFLX,2009-12-31
1108,493665000,259560000,186503000,128158000,32272000,1,2010Q1,NFLX,2010-03-31
1109,519819000,265387000,204885000,127543000,43519000,2,2010Q2,NFLX,2010-06-30
1110,553219000,292406000,208750000,139249000,37967000,3,2010Q3,NFLX,2010-09-30
1111,595922000,336756000,205132000,126679000,47095000,4,2010Q4,NFLX,2010-12-31
1112,718553000,376992000,280402000,178162000,60233000,1,2011Q1,NFLX,2011-03-31
1113,788610000,428203000,298632000,183518000,68214000,2,2011Q2,NFLX,2011-06-30
1114,821839000,471823000,285222000,188380000,62460000,3,2011Q3,NFLX,2011-09-30
1115,875575000,512578000,300420000,238548000,35219000,4,2011Q4,NFLX,2011-12-31
1116,869791000,,245858000,,-4584000,1,2012Q1,NFLX,2012-03-31
1117,889163000,,245735000,,6164000,2,2012Q2,NFLX,2012-06-30
1118,905089000,,242451000,,7675000,3,2012Q3,NFLX,2012-09-30
1119,945239000,,,,7897000,4,2012Q4,NFLX,2012-12-31
1120,1023961000,,,,2689000,1,2013Q1,NFLX,2013-03-31
1121,1069372000,,,,29471000,2,2013Q2,NFLX,2013-06-30
1122,1105999000,,,,31822000,3,2013Q3,NFLX,2013-09-30
1123,1175230000,,,,48421000,4,2013Q4,NFLX,2013-12-31
1124,1270089000,,,,53115000,1,2014Q1,NFLX,2014-03-31
1125,1340407000,,,,71018000,2,2014Q2,NFLX,2014-06-30
1126,1409432000,,,,59295000,3,2014Q3,NFLX,2014-09-30
1127,1484728000,,,,83371000,4,2014Q4,NFLX,2014-12-31
1128,1573129000,,,,23696000,1,2015Q1,NFLX,2015-03-31
1129,1644694000,,,,26335000,2,2015Q2,NFLX,2015-06-30
1130,1738355000,,,,29432000,3,2015Q3,NFLX,2015-09-30
1131,1823333000,,,,43178000,4,2015Q4,NFLX,2015-12-31
1132,1957736000,,,,27658000,1,2016Q1,NFLX,2016-03-31
1133,2105204000,,,,40755000,2,2016Q2,NFLX,2016-06-30
1134,2290188000,,,,51517000,3,2016Q3,NFLX,2016-09-30
1135,2477541000,,,,66748000,4,2016Q4,NFLX,2016-12-31
1136,2636635000,,,,178222000,1,2017Q1,NFLX,2017-03-31
1137,2785464000,,,,65600000,2,2017Q2,NFLX,2017-06-30
1138,2984859000,,,,129590000,3,2017Q3,NFLX,2017-09-30
1139,3285755000,,,,185517000,4,2017Q4,NFLX,2017-12-31
1140,3700856000,,,,290124000,1,2018Q1,NFLX,2018-03-31
1141,3907270000,,,,384349000,2,2018Q2,NFLX,2018-06-30
1142,3999374000,,,,402835000,3,2018Q3,NFLX,2018-09-30
1143,4186841000,,,,133934000,4,2018Q4,NFLX,2018-12-31
1144,4520992000,,,,344052000,1,2019Q1,NFLX,2019-03-31
1145,4923116000,,,,270650000,2,2019Q2,NFLX,2019-06-30
1146,5244905000,,,,665244000,3,2019Q3,NFLX,2019-09-30
1147,5467434000,,,,586970000,4,2019Q4,NFLX,2019-12-31
1148,5767691000,,,,709067000,1,2020Q1,NFLX,2020-03-31
1149,6148286000,,,,720196000,2,2020Q2,NFLX,2020-06-30
1150,6435637000,,,,789976000,3,2020Q3,NFLX,2020-09-30
1151,6644442000,,,,542156000,4,2020Q4,NFLX,2020-12-31
1152,7163282000,,,,1706715000,1,2021Q1,NFLX,2021-03-31
1153,7341777000,,,,1353013000,2,2021Q2,NFLX,2021-06-30
1154,7483467000,,,,1449071000,3,2021Q3,NFLX,2021-09-30
1155,7709318000,,,,607429000,4,2021Q4,NFLX,2021-12-31
1156,7867767000,,,,1597447000,1,2022Q1,NFLX,2022-03-31
1157,7970141000,,,,1440951000,2,2022Q2,NFLX,2022-06-30
1158,7925589000,,,,1398242000,3,2022Q3,NFLX,2022-09-30
1159,7852053000,,,,55284000,4,2022Q4,NFLX,2022-12-31
1160,8161503000,,,,1305120000,1,2023Q1,NFLX,2023-03-31
1161,8187301000,,,,1487610000,2,2023Q2,NFLX,2023-06-30
1162,8541668000,,,,1677422000,3,2023Q3,NFLX,2023-09-30
1163,8832825000,,,,937838000,4,2023Q4,NFLX,2023-12-31
1164,2217750000,670250000,,,825750000,1,2006Q1,QCOM,2006-12-24
1165,2217750000,670250000,,,825750000,2,2007Q2,QCOM,2007-03-24
1166,2217750000,670250000,,,825750000,3,2007Q3,QCOM,2007-06-22
1167,2217750000,670250000,,,825750000,4,2007Q4,QCOM,2007-09-30
1168,2517000000,755000000,,,,1,2008Q1,QCOM,2008-12-28
1169,2455000000,738000000,,,,2,2009Q2,QCOM,2009-03-29
1170,2753000000,864000000,,,,3,2009Q3,QCOM,2009-06-28
1171,2690000000,824000000,,,,4,2009Q4,QCOM,2009-09-27
1172,2670000000,816000000,,,841000000,1,2009Q1,QCOM,2009-12-27
1173,2663000000,809000000,,,774000000,2,2010Q2,QCOM,2010-03-28
1174,2706000000,905000000,,,767000000,3,2010Q3,QCOM,2010-06-27
1175,2952000000,987000000,,,865000000,4,2010Q4,QCOM,2010-09-26
1176,3348000000,1130000000,,,1170000000,1,2010Q1,QCOM,2010-12-26
1177,3875000000,1363000000,,,999000000,2,2011Q2,QCOM,2011-03-27
1178,3623000000,1278000000,,,1035000000,3,2011Q3,QCOM,2011-06-26
1179,4117000000,1106000000,,,1056000000,4,2011Q4,QCOM,2011-09-25
1180,4681000000,1754000000,,,1401000000,1,2011Q1,QCOM,2011-12-25
1181,4943000000,1783000000,,,2230000000,2,2012Q2,QCOM,2012-03-25
1182,4626000000,1719000000,,,1207000000,3,2012Q3,QCOM,2012-06-24
1183,4871000000,1840000000,,,1271000000,4,2012Q4,QCOM,2012-09-30
1184,6018000000,2237000000,,,1906000000,1,2012Q1,QCOM,2012-12-30
1185,6124000000,2372000000,,,1866000000,2,2013Q2,QCOM,2013-03-31
1186,6243000000,2497000000,,,1580000000,3,2013Q3,QCOM,2013-06-30
1187,6480000000,2714000000,,,1501000000,4,2013Q4,QCOM,2013-09-29
1188,6622000000,2706000000,,,1875000000,1,2013Q1,QCOM,2013-12-29
1189,6367000000,2482000000,,,1959000000,2,2014Q2,QCOM,2014-03-30
1190,6806000000,2740000000,,,2238000000,3,2014Q3,QCOM,2014-06-29
1191,6692000000,2758000000,,,1894000000,4,2014Q4,QCOM,2014-09-28
1192,7099000000,3047000000,,,1972000000,1,2014Q1,QCOM,2014-12-28
1193,6894000000,2628000000,,,1053000000,2,2015Q2,QCOM,2015-03-29
1194,5832000000,2451000000,,,1184000000,3,2015Q3,QCOM,2015-06-28
1195,5456000000,2252000000,,,1061000000,4,2015Q4,QCOM,2015-09-27
1196,5775000000,2534000000,,,1498000000,1,2015Q1,QCOM,2015-12-27
1197,5551000000,2141000000,,,1164000000,2,2016Q2,QCOM,2016-03-27
1198,6044000000,5074000000,,,1444000000,3,2016Q3,QCOM,2016-06-26
1199,6184000000,,,,1599000000,4,2016Q4,QCOM,2016-09-25
1200,5999000000,2443000000,,,682000000,1,2016Q1,QCOM,2016-12-25
1201,5016000000,2208000000,,,749000000,2,2017Q2,QCOM,2017-03-26
1202,5371000000,2488000000,,,866000000,3,2017Q3,QCOM,2017-06-25
1203,5905000000,2653000000,,,168000000,4,2017Q4,QCOM,2017-09-24
1204,6068000000,2663000000,,,-5953000000,1,2017Q1,QCOM,2017-12-24
1205,5261000000,2239000000,,,363000000,2,2018Q2,QCOM,2018-03-25
1206,5599000000,2491000000,,,1219000000,3,2018Q3,QCOM,2018-06-24
1207,5803000000,2851000000,,,-513000000,4,2018Q4,QCOM,2018-09-30
1208,4842000000,2188000000,,,1068000000,1,2018Q1,QCOM,2018-12-30
1209,4982000000,2179000000,,,663000000,2,2019Q2,QCOM,2019-03-31
1210,9635000000,2114000000,,,2149000000,3,2019Q3,QCOM,2019-06-30
1211,4814000000,2118000000,,,506000000,4,2019Q4,QCOM,2019-09-29
1212,5077000000,2113000000,,,925000000,1,2019Q1,QCOM,2019-12-29
1213,5216000000,2297000000,,,468000000,2,2020Q2,QCOM,2020-03-29
1214,4893000000,2080000000,,,845000000,3,2020Q3,QCOM,2020-06-28
1215,8346000000,2765000000,,,2960000000,4,2020Q4,QCOM,2020-09-27
1216,8235000000,3489000000,,,2455000000,1,2020Q1,QCOM,2020-12-27
1217,7935000000,3432000000,,,1762000000,2,2021Q2,QCOM,2021-03-28
1218,8060000000,3404000000,,,2027000000,3,2021Q3,QCOM,2021-06-27
1219,9336000000,3937000000,,,2799000000,4,2021Q4,QCOM,2021-09-30
1220,10705000000,4303000000,,,3399000000,1,2021Q1,QCOM,2021-12-26
1221,11164000000,4648000000,,,2934000000,2,2022Q2,QCOM,2022-03-27
1222,10936000000,4816000000,,,3730000000,3,2022Q3,QCOM,2022-06-26
1223,11395000000,4868000000,,,2873000000,4,2022Q4,QCOM,2022-09-30
1224,9463000000,4044000000,,,2235000000,1,2022Q1,QCOM,2022-12-25
1225,9275000000,4153000000,,,1704000000,2,2023Q2,QCOM,2023-03-26
1226,8451000000,3792000000,,,1803000000,3,2023Q3,QCOM,2023-06-25
1227,8631000000,3880000000,,,1490000000,4,2023Q4,QCOM,2023-09-30
1228,,,,,790000000,1,2007Q1,QCOM,
1229,,,,,790000000,2,2008Q2,QCOM,
1230,,,,,790000000,3,2008Q3,QCOM,
1231,,,,,790000000,4,2008Q4,QCOM,
1232,12423000000,,,,95500000,1,2007Q1,UPS,2007-04-01
1233,12423000000,,,,95500000,2,2007Q2,UPS,2007-06-30
1234,12423000000,,,,95500000,3,2007Q3,UPS,2007-09-28
1235,12423000000,,,,95500000,4,2007Q4,UPS,2007-12-31
1236,12675000000,,,,906000000,1,2008Q1,UPS,2008-03-31
1237,13001000000,,,,873000000,2,2008Q2,UPS,2008-06-30
1238,13113000000,,,,970000000,3,2008Q3,UPS,2008-09-30
1239,12697000000,,,,254000000,4,2008Q4,UPS,2008-12-31
1240,10938000000,,,,401000000,1,2009Q1,UPS,2009-03-31
1241,10829000000,,,,445000000,2,2009Q2,UPS,2009-06-30
1242,11153000000,,,,549000000,3,2009Q3,UPS,2009-09-30
1243,12377000000,,,,757000000,4,2009Q4,UPS,2009-12-31
1244,11728000000,,,,533000000,1,2010Q1,UPS,2010-03-31
1245,12204000000,,,,845000000,2,2010Q2,UPS,2010-06-30
1246,12192000000,,,,991000000,3,2010Q3,UPS,2010-09-30
1247,13421000000,,,,1119000000,4,2010Q4,UPS,2010-12-31
1248,12582000000,,,,885000000,1,2011Q1,UPS,2011-03-31
1249,13191000000,,,,1063000000,2,2011Q2,UPS,2011-06-30
1250,13166000000,,,,1042000000,3,2011Q3,UPS,2011-09-30
1251,14166000000,,,,725000000,4,2011Q4,UPS,2011-12-31
1252,13136000000,,,,970000000,1,2012Q1,UPS,2012-03-31
1253,13349000000,,,,1116000000,2,2012Q2,UPS,2012-06-30
1254,13071000000,,,,469000000,3,2012Q3,UPS,2012-09-30
1255,14571000000,,,,-1748000000,4,2012Q4,UPS,2012-12-31
1256,13434000000,,,,1037000000,1,2013Q1,UPS,2013-03-31
1257,13507000000,,,,1071000000,2,2013Q2,UPS,2013-06-30
1258,13521000000,,,,1097000000,3,2013Q3,UPS,2013-09-30
1259,14976000000,,,,1167000000,4,2013Q4,UPS,2013-12-31
1260,13779000000,,,,911000000,1,2014Q1,UPS,2014-03-31
1261,14268000000,,,,454000000,2,2014Q2,UPS,2014-06-30
1262,14290000000,,,,1214000000,3,2014Q3,UPS,2014-09-30
1263,15895000000,,,,453000000,4,2014Q4,UPS,2014-12-31
1264,13977000000,,,,1026000000,1,2015Q1,UPS,2015-03-31
1265,14095000000,,,,1230000000,2,2015Q2,UPS,2015-06-30
1266,14237000000,,,,1257000000,3,2015Q3,UPS,2015-09-30
1267,16054000000,,,,1331000000,4,2015Q4,UPS,2015-12-31
1268,14418000000,,,,1131000000,1,2016Q1,UPS,2016-03-31
1269,14629000000,,,,1269000000,2,2016Q2,UPS,2016-06-30
1270,14928000000,,,,1270000000,3,2016Q3,UPS,2016-09-30
1271,16931000000,,,,-239000000,4,2016Q4,UPS,2016-12-31
1272,15315000000,,,,1158000000,1,2017Q1,UPS,2017-03-31
1273,15750000000,,,,1384000000,2,2017Q2,UPS,2017-06-30
1274,15978000000,,,,1264000000,3,2017Q3,UPS,2017-09-30
1275,18829000000,,,,1104000000,4,2017Q4,UPS,2017-12-31
1276,17113000000,,,,1345000000,1,2018Q1,UPS,2018-03-31
1277,17456000000,,,,1485000000,2,2018Q2,UPS,2018-06-30
1278,17444000000,,,,1508000000,3,2018Q3,UPS,2018-09-30
1279,17160000000,,,,1111000000,1,2019Q1,UPS,2018-12-31
1280,18048000000,,,,1685000000,2,2019Q2,UPS,2019-03-31
1281,18318000000,,,,1750000000,3,2019Q3,UPS,2019-06-30
1282,18035000000,,,,965000000,1,2020Q1,UPS,2019-09-30
1283,20459000000,,,,1768000000,2,2020Q2,UPS,2019-12-31
1284,21238000000,,,,1957000000,3,2020Q3,UPS,2020-03-31
1285,,,,,453000000,4,2018Q4,UPS,2020-06-30
1286,,,,,-106000000,4,2019Q4,UPS,2020-09-30
1287,,,,,-3347000000,4,2020Q4,UPS,2020-12-31
1288,,,,,4792000000,1,2021Q1,UPS,2021-03-31
1289,,,,,2676000000,2,2021Q2,UPS,2021-06-30
1290,,,,,2329000000,3,2021Q3,UPS,2021-09-30
1291,,,,,3093000000,4,2021Q4,UPS,2021-12-31
1292,,,,,2662000000,1,2022Q1,UPS,2022-03-31
1293,,,,,2849000000,2,2022Q2,UPS,2022-06-30
1294,,,,,2584000000,3,2022Q3,UPS,2022-09-30
1295,,,,,3453000000,4,2022Q4,UPS,2022-12-31
1296,,,,,1895000000,1,2023Q1,UPS,2023-03-31
1297,,,,,2081000000,2,2023Q2,UPS,2023-06-30
1298,,,,,1127000000,3,2023Q3,UPS,2023-09-30
1299,,,,,1605000000,4,2023Q4,UPS,2023-12-31
1300,1024465000,,467320000,258233500,199411250,1,2007Q1,NVDA,2007-04-29
1301,1024465000,,467320000,258233500,199411250,2,2007Q2,NVDA,2007-07-28
1302,1024465000,,467320000,258233500,199411250,3,2007Q3,NVDA,2007-10-26
1303,1024465000,,467320000,258233500,199411250,4,2008Q4,NVDA,2008-01-27
1304,1001813000,,456377000,308984000,137594000,1,2010Q1,NVDA,2010-05-02
1305,811208000,,134292000,309499000,-140961000,2,2010Q2,NVDA,2010-08-01
1306,843912000,,392062000,288279000,84862000,3,2010Q3,NVDA,2010-10-31
1307,886376000,,426359000,246581000,171651000,4,2011Q4,NVDA,2011-01-30
1308,962039000,,484503000,329641000,135219000,1,2011Q1,NVDA,2011-05-01
1309,1016517000,,525284000,351254000,151573000,2,2011Q2,NVDA,2011-07-31
1310,1066180000,,556717000,359627000,178273000,3,2011Q3,NVDA,2011-10-30
1311,953194000,,490013000,367696000,116025000,4,2012Q4,NVDA,2012-01-29
1312,924877000,,463364000,390538000,60437000,1,2012Q1,NVDA,2012-04-29
1313,1044270000,,540719000,401096000,119046000,2,2012Q2,NVDA,2012-07-29
1314,1204110000,,636658000,384441000,209080000,3,2012Q3,NVDA,2012-10-28
1315,1106902000,,585602000,402029000,173973000,4,2013Q4,NVDA,2013-01-27
1316,954739000,,518568000,435787000,77891000,1,2013Q1,NVDA,2013-04-28
1317,977238000,,545538000,440004000,96448000,2,2013Q2,NVDA,2013-07-28
1318,1053967000,,584415000,443427000,118734000,3,2013Q3,NVDA,2013-10-27
1319,1144218000,,619242000,452318000,146917000,4,2014Q4,NVDA,2014-01-26
1320,1102787000,,604202000,452843000,136516000,1,2014Q1,NVDA,2014-04-27
1321,1102824000,,618974000,455795000,127976000,2,2014Q2,NVDA,2014-07-27
1322,1225382000,,676698000,463383000,172967000,3,2014Q3,NVDA,2014-10-26
1323,1250514000,,699603000,468467000,193128000,4,2015Q4,NVDA,2015-01-25
1324,1151000000,,653000000,477000000,134000000,1,2015Q1,NVDA,2015-04-26
1325,1153000000,,634000000,558000000,26000000,2,2015Q2,NVDA,2015-07-26
1326,1305000000,,734000000,489000000,246000000,3,2015Q3,NVDA,2015-10-25
1327,1401000000,,791000000,540000000,207000000,4,2016Q4,NVDA,2016-01-31
1328,1305000000,,751000000,506000000,196000000,1,2016Q1,NVDA,2016-05-01
1329,1428000000,,826000000,509000000,253000000,2,2016Q2,NVDA,2016-07-31
1330,2004000000,,1183000000,544000000,542000000,3,2016Q3,NVDA,2016-10-30
1331,2173000000,,1303000000,570000000,655000000,4,2017Q4,NVDA,2017-01-29
1332,1937000000,,1150000000,596000000,507000000,1,2017Q1,NVDA,2017-04-30
1333,2230000000,,1302000000,614000000,583000000,2,2017Q2,NVDA,2017-07-30
1334,2636000000,,1569000000,674000000,838000000,3,2017Q3,NVDA,2017-10-29
1335,2911000000,,1801000000,728000000,1118000000,4,2018Q4,NVDA,2018-01-28
1336,3207000000,,2068000000,773000000,1244000000,1,2018Q1,NVDA,2018-04-29
1337,3123000000,,1975000000,818000000,1101000000,2,2018Q2,NVDA,2018-07-29
1338,3181000000,,1921000000,863000000,1230000000,3,2018Q3,NVDA,2018-10-28
1339,2220000000,,1296000000,938000000,394000000,1,2019Q1,NVDA,2019-01-27
1340,2579000000,,1541000000,970000000,552000000,2,2019Q2,NVDA,2019-04-28
1341,3014000000,,1916000000,989000000,899000000,3,2019Q3,NVDA,2019-07-28
1342,3105000000,,2015000000,1025000000,950000000,4,2020Q4,NVDA,2019-10-27
1343,3080000000,,2004000000,1028000000,917000000,1,2020Q1,NVDA,2020-01-26
1344,3866000000,,2275000000,1624000000,622000000,2,2020Q2,NVDA,2020-04-26
1345,4726000000,,2960000000,1562000000,1336000000,3,2020Q3,NVDA,2020-07-26
1346,5003000000,,3157000000,1650000000,1457000000,4,2021Q4,NVDA,2020-10-25
1347,6507000000,,4215000000,1771000000,2374000000,2,2021Q2,NVDA,2021-05-02
1348,7103000000,,4631000000,1960000000,2464000000,3,2021Q3,NVDA,2021-08-01
1349,7643000000,,5000000000,2030000000,3002000000,4,2022Q4,NVDA,2021-10-31
1350,5661000000,,3629000000,1673000000,1912000000,1,2021Q1,NVDA,2021-12-31
1351,6704000000,,2915000000,2416000000,656000000,2,2022Q2,NVDA,2022-05-01
1352,5931000000,,3177000000,2576000000,680000000,3,2022Q3,NVDA,2022-07-31
1353,6051000000,,3833000000,2577000000,1414000000,4,2023Q4,NVDA,2022-10-30
1354,8288000000,,5431000000,3563000000,1618000000,1,2022Q1,NVDA,2022-12-31
1355,13507000000,,9462000000,2662000000,6188000000,2,2023Q2,NVDA,2023-04-30
1356,18120000000,,13400000000,2983000000,9243000000,3,2023Q3,NVDA,2023-07-30
1357,22103000000,,16791000000,3176000000,12286000000,4,2024Q4,NVDA,2023-10-29
1358,7192000000,,4648000000,2508000000,2043000000,1,2023Q1,NVDA,2023-12-31
1359,,,1207000000,913000000,567000000,4,2019Q4,NVDA,2024-12-31
1360,4874000000,,,,1428000000,1,2013Q1,USB,2007-04-01
1361,4948000000,,,,1484000000,2,2013Q2,USB,2007-06-30
1362,4891000000,,,,1468000000,3,2013Q3,USB,2007-09-28
1363,4889000000,,,,1456000000,4,2013Q4,USB,2007-12-31
1364,4814000000,,,,1397000000,1,2014Q1,USB,2008-03-31
1365,5188000000,,,,1495000000,2,2014Q2,USB,2008-06-30
1366,4990000000,,,,1471000000,3,2014Q3,USB,2008-09-30
1367,5169000000,,,,1488000000,4,2014Q4,USB,2008-12-31
1368,4906000000,,,,1431000000,1,2015Q1,USB,2009-03-31
1369,5042000000,,,,1483000000,2,2015Q2,USB,2009-06-30
1370,5147000000,,,,1489000000,3,2015Q3,USB,2009-09-30
1371,5211000000,,,,1476000000,4,2015Q4,USB,2009-12-31
1372,5037000000,,,,1386000000,1,2016Q1,USB,2010-04-01
1373,5448000000,,,,1522000000,2,2016Q2,USB,2010-06-30
1374,5388000000,,,,1502000000,3,2016Q3,USB,2010-09-28
1375,5435000000,,,,1478000000,4,2016Q4,USB,2010-12-31
1376,5324000000,,,,1473000000,1,2017Q1,USB,2011-04-01
1377,5487000000,,,,1500000000,2,2017Q2,USB,2011-06-30
1378,5608000000,,,,1563000000,3,2017Q3,USB,2011-09-28
1379,5638000000,,,,1682000000,4,2017Q4,USB,2011-12-31
1380,5469000000,,,,1675000000,1,2018Q1,USB,2012-03-31
1381,5640000000,,,,1750000000,2,2018Q2,USB,2012-06-30
1382,5699000000,,,,1815000000,3,2018Q3,USB,2012-09-30
1383,5829000000,,,,1856000000,4,2018Q4,USB,2012-12-31
1384,5577000000,,,,1699000000,1,2019Q1,USB,2013-03-31
1385,5822000000,,,,1821000000,2,2019Q2,USB,2013-06-30
1386,5920000000,,,,1908000000,3,2019Q3,USB,2013-09-30
1387,7175000000,,,,1698000000,1,2023Q1,USB,2013-12-31
1388,13937000000,,,,1361000000,2,2023Q2,USB,2014-03-31
1389,7032000000,,,,1523000000,3,2023Q3,USB,2014-06-30
1390,,,,,1081000000,1,2007Q1,USB,2014-09-30
1391,,,,,1081000000,2,2007Q2,USB,2014-12-31
1392,,,,,1081000000,3,2007Q3,USB,2015-03-31
1393,,,,,1081000000,4,2007Q4,USB,2015-06-30
1394,,,,,1090000000,1,2008Q1,USB,2015-09-30
1395,,,,,950000000,2,2008Q2,USB,2015-12-31
1396,,,,,576000000,3,2008Q3,USB,2016-03-31
1397,,,,,330000000,4,2008Q4,USB,2016-06-30
1398,,,,,529000000,1,2009Q1,USB,2016-09-30
1399,,,,,471000000,2,2009Q2,USB,2016-12-31
1400,,,,,603000000,3,2009Q3,USB,2017-03-31
1401,,,,,602000000,4,2009Q4,USB,2017-06-30
1402,,,,,829250000,1,2010Q1,USB,2017-09-30
1403,,,,,829250000,2,2010Q2,USB,2017-12-31
1404,,,,,829250000,3,2010Q3,USB,2018-03-31
1405,,,,,829250000,4,2010Q4,USB,2018-06-30
1406,,,,,1218000000,1,2011Q1,USB,2018-09-30
1407,,,,,1218000000,2,2011Q2,USB,2018-12-31
1408,,,,,1218000000,3,2011Q3,USB,2019-03-31
1409,,,,,1218000000,4,2011Q4,USB,2019-06-30
1410,,,,,1338000000,1,2012Q1,USB,2019-09-30
1411,,,,,1415000000,2,2012Q2,USB,2019-12-31
1412,,,,,1474000000,3,2012Q3,USB,2020-03-31
1413,,,,,1420000000,4,2012Q4,USB,2020-06-30
1414,,,,,1486000000,4,2019Q4,USB,2020-09-30
1415,,,,,1171000000,1,2020Q1,USB,2020-12-31
1416,,,,,689000000,2,2020Q2,USB,2021-03-31
1417,,,,,1580000000,3,2020Q3,USB,2021-06-30
1418,,,,,1519000000,4,2020Q4,USB,2021-09-30
1419,,,,,2280000000,1,2021Q1,USB,2021-12-31
1420,,,,,1982000000,2,2021Q2,USB,2022-03-31
1421,,,,,2028000000,3,2021Q3,USB,2022-06-30
1422,,,,,1673000000,4,2021Q4,USB,2022-09-30
1423,,,,,1557000000,1,2022Q1,USB,2022-12-31
1424,,,,,1531000000,2,2022Q2,USB,2023-03-31
1425,,,,,1812000000,3,2022Q3,USB,2023-06-30
1426,,,,,925000000,4,2022Q4,USB,2023-09-30
1427,,,,,847000000,4,2023Q4,USB,2023-12-31
1428,12423000000,,,,95500000,1,2007Q1,UPS,2007-04-01
1429,12423000000,,,,95500000,2,2007Q2,UPS,2007-06-30
1430,12423000000,,,,95500000,3,2007Q3,UPS,2007-09-28
1431,12423000000,,,,95500000,4,2007Q4,UPS,2007-12-31
1432,12675000000,,,,906000000,1,2008Q1,UPS,2008-03-31
1433,13001000000,,,,873000000,2,2008Q2,UPS,2008-06-30
1434,13113000000,,,,970000000,3,2008Q3,UPS,2008-09-30
1435,12697000000,,,,254000000,4,2008Q4,UPS,2008-12-31
1436,10938000000,,,,401000000,1,2009Q1,UPS,2009-03-31
1437,10829000000,,,,445000000,2,2009Q2,UPS,2009-06-30
1438,11153000000,,,,549000000,3,2009Q3,UPS,2009-09-30
1439,12377000000,,,,757000000,4,2009Q4,UPS,2009-12-31
1440,11728000000,,,,533000000,1,2010Q1,UPS,2010-03-31
1441,12204000000,,,,845000000,2,2010Q2,UPS,2010-06-30
1442,12192000000,,,,991000000,3,2010Q3,UPS,2010-09-30
1443,13421000000,,,,1119000000,4,2010Q4,UPS,2010-12-31
1444,12582000000,,,,885000000,1,2011Q1,UPS,2011-03-31
1445,13191000000,,,,1063000000,2,2011Q2,UPS,2011-06-30
1446,13166000000,,,,1042000000,3,2011Q3,UPS,2011-09-30
1447,14166000000,,,,725000000,4,2011Q4,UPS,2011-12-31
1448,13136000000,,,,970000000,1,2012Q1,UPS,2012-03-31
1449,13349000000,,,,1116000000,2,2012Q2,UPS,2012-06-30
1450,13071000000,,,,469000000,3,2012Q3,UPS,2012-09-30
1451,14571000000,,,,-1748000000,4,2012Q4,UPS,2012-12-31
1452,13434000000,,,,1037000000,1,2013Q1,UPS,2013-03-31
1453,13507000000,,,,1071000000,2,2013Q2,UPS,2013-06-30
1454,13521000000,,,,1097000000,3,2013Q3,UPS,2013-09-30
1455,14976000000,,,,1167000000,4,2013Q4,UPS,2013-12-31
1456,13779000000,,,,911000000,1,2014Q1,UPS,2014-03-31
1457,14268000000,,,,454000000,2,2014Q2,UPS,2014-06-30
1458,14290000000,,,,1214000000,3,2014Q3,UPS,2014-09-30
1459,15895000000,,,,453000000,4,2014Q4,UPS,2014-12-31
1460,13977000000,,,,1026000000,1,2015Q1,UPS,2015-03-31
1461,14095000000,,,,1230000000,2,2015Q2,UPS,2015-06-30
1462,14237000000,,,,1257000000,3,2015Q3,UPS,2015-09-30
1463,16054000000,,,,1331000000,4,2015Q4,UPS,2015-12-31
1464,14418000000,,,,1131000000,1,2016Q1,UPS,2016-03-31
1465,14629000000,,,,1269000000,2,2016Q2,UPS,2016-06-30
1466,14928000000,,,,1270000000,3,2016Q3,UPS,2016-09-30
1467,16931000000,,,,-239000000,4,2016Q4,UPS,2016-12-31
1468,15315000000,,,,1158000000,1,2017Q1,UPS,2017-03-31
1469,15750000000,,,,1384000000,2,2017Q2,UPS,2017-06-30
1470,15978000000,,,,1264000000,3,2017Q3,UPS,2017-09-30
1471,18829000000,,,,1104000000,4,2017Q4,UPS,2017-12-31
1472,17113000000,,,,1345000000,1,2018Q1,UPS,2018-03-31
1473,17456000000,,,,1485000000,2,2018Q2,UPS,2018-06-30
1474,17444000000,,,,1508000000,3,2018Q3,UPS,2018-09-30
1475,17160000000,,,,1111000000,1,2019Q1,UPS,2018-12-31
1476,18048000000,,,,1685000000,2,2019Q2,UPS,2019-03-31
1477,18318000000,,,,1750000000,3,2019Q3,UPS,2019-06-30
1478,18035000000,,,,965000000,1,2020Q1,UPS,2019-09-30
1479,20459000000,,,,1768000000,2,2020Q2,UPS,2019-12-31
1480,21238000000,,,,1957000000,3,2020Q3,UPS,2020-03-31
1481,,,,,453000000,4,2018Q4,UPS,2020-06-30
1482,,,,,-106000000,4,2019Q4,UPS,2020-09-30
1483,,,,,-3347000000,4,2020Q4,UPS,2020-12-31
1484,,,,,4792000000,1,2021Q1,UPS,2021-03-31
1485,,,,,2676000000,2,2021Q2,UPS,2021-06-30
1486,,,,,2329000000,3,2021Q3,UPS,2021-09-30
1487,,,,,3093000000,4,2021Q4,UPS,2021-12-31
1488,,,,,2662000000,1,2022Q1,UPS,2022-03-31
1489,,,,,2849000000,2,2022Q2,UPS,2022-06-30
1490,,,,,2584000000,3,2022Q3,UPS,2022-09-30
1491,,,,,3453000000,4,2022Q4,UPS,2022-12-31
1492,,,,,1895000000,1,2023Q1,UPS,2023-03-31
1493,,,,,2081000000,2,2023Q2,UPS,2023-06-30
1494,,,,,1127000000,3,2023Q3,UPS,2023-09-30
1495,,,,,1605000000,4,2023Q4,UPS,2023-12-31
1496,3538500000,,,,644500000,1,2007Q1,CB,2007-04-01
1497,3538500000,,,,644500000,2,2007Q2,CB,2007-06-30
1498,3538500000,,,,644500000,3,2007Q3,CB,2007-09-28
1499,3538500000,,,,644500000,4,2007Q4,CB,2007-12-31
1500,3076000000,,,,377000000,1,2008Q1,CB,2008-03-31
1501,3834000000,,,,746000000,2,2008Q2,CB,2008-06-30
1502,3619000000,,,,54000000,3,2008Q3,CB,2008-09-30
1503,3103000000,,,,20000000,4,2008Q4,CB,2008-12-31
1504,3575000000,,,,567000000,1,2009Q1,CB,2009-03-31
1505,3547000000,,,,535000000,2,2009Q2,CB,2009-06-30
1506,3681000000,,,,494000000,3,2009Q3,CB,2009-09-30
1507,4272000000,,,,953000000,4,2009Q4,CB,2009-12-31
1508,3949000000,,,,755000000,1,2010Q1,CB,2010-03-31
1509,3760000000,,,,677000000,2,2010Q2,CB,2010-06-30
1510,3888000000,,,,675000000,3,2010Q3,CB,2010-09-30
1511,4409000000,,,,1001000000,4,2010Q4,CB,2010-12-31
1512,3808000000,,,,259000000,1,2011Q1,CB,2011-03-31
1513,4253000000,,,,607000000,2,2011Q2,CB,2011-06-30
1514,4294000000,,,,-31000000,3,2011Q3,CB,2011-09-30
1515,4479000000,,,,750000000,4,2011Q4,CB,2011-12-31
1516,4185000000,,,,973000000,1,2012Q1,CB,2012-03-31
1517,3926000000,,,,328000000,2,2012Q2,CB,2012-06-30
1518,5138000000,,,,640000000,3,2012Q3,CB,2012-09-30
1519,4687000000,,,,765000000,4,2012Q4,CB,2012-12-31
1520,4310000000,,,,953000000,1,2013Q1,CB,2013-03-31
1521,4705000000,,,,891000000,2,2013Q2,CB,2013-06-30
1522,5172000000,,,,916000000,3,2013Q3,CB,2013-09-30
1523,5074000000,,,,998000000,4,2013Q4,CB,2013-12-31
1524,4419000000,,,,734000000,1,2014Q1,CB,2014-03-31
1525,4815000000,,,,779000000,2,2014Q2,CB,2014-06-30
1526,5200000000,,,,785000000,3,2014Q3,CB,2014-09-30
1527,4737000000,,,,555000000,4,2014Q4,CB,2014-12-31
1528,4389000000,,,,681000000,1,2015Q1,CB,2015-03-31
1529,5048000000,,,,942000000,2,2015Q2,CB,2015-06-30
1530,4871000000,,,,528000000,3,2015Q3,CB,2015-09-30
1531,4679000000,,,,683000000,4,2015Q4,CB,2015-12-31
1532,6877000000,,,,439000000,1,2016Q1,CB,2016-03-31
1533,7897000000,,,,726000000,2,2016Q2,CB,2016-06-30
1534,8527000000,,,,1360000000,3,2016Q3,CB,2016-09-30
1535,8168000000,,,,1610000000,4,2016Q4,CB,2016-12-31
1536,7510000000,,,,1093000000,1,2017Q1,CB,2017-03-31
1537,8108000000,,,,1305000000,2,2017Q2,CB,2017-06-30
1538,8610000000,,,,-70000000,3,2017Q3,CB,2017-09-30
1539,8015000000,,,,1533000000,4,2017Q4,CB,2017-12-31
1540,7831000000,,,,1082000000,1,2018Q1,CB,2018-03-31
1541,8510000000,,,,1294000000,2,2018Q2,CB,2018-06-30
1542,8750000000,,,,1231000000,3,2018Q3,CB,2018-09-30
1543,7626000000,,,,355000000,4,2018Q4,CB,2018-12-31
1544,7876000000,,,,1040000000,1,2019Q1,CB,2019-03-31
1545,8527000000,,,,1150000000,2,2019Q2,CB,2019-06-30
1546,9045000000,,,,1091000000,3,2019Q3,CB,2019-09-30
1547,8738000000,,,,1173000000,4,2019Q4,CB,2019-12-31
1548,7697000000,,,,252000000,1,2020Q1,CB,2020-03-31
1549,8985000000,,,,-331000000,2,2020Q2,CB,2020-06-30
1550,9464000000,,,,1194000000,3,2020Q3,CB,2020-09-30
1551,9848000000,,,,2418000000,4,2020Q4,CB,2020-12-31
1552,9971000000,,,,2300000000,1,2021Q1,CB,2021-03-31
1553,9664000000,,,,2265000000,2,2021Q2,CB,2021-06-30
1554,10845000000,,,,1833000000,3,2021Q3,CB,2021-09-30
1555,10483000000,,,,2141000000,4,2021Q4,CB,2021-12-31
1556,9669000000,,,,1974000000,1,2022Q1,CB,2022-03-31
1557,9941000000,,,,1215000000,2,2022Q2,CB,2022-06-30
1558,12130000000,,,,812000000,3,2022Q3,CB,2022-09-30
1559,11426000000,,,,1312000000,4,2022Q4,CB,2022-12-31
1560,11057000000,,,,1892000000,1,2023Q1,CB,2023-03-31
1561,11833000000,,,,1793000000,2,2023Q2,CB,2023-06-30
1562,13853000000,,,,2043000000,3,2023Q3,CB,2023-09-30
1563,12992000000,,,,3300000000,4,2023Q4,CB,2023-12-31
1564,19325000000,,,14684250000,904250000,1,2007Q1,C,2007-04-01
1565,19325000000,,,14684250000,904250000,2,2007Q2,C,2007-06-30
1566,19325000000,,,14684250000,904250000,3,2007Q3,C,2007-09-28
1567,19325000000,,,14684250000,904250000,4,2007Q4,C,2007-12-31
1568,24521000000,,,11685000000,1593000000,1,2009Q1,C,2009-03-31
1569,29969000000,,,11999000000,4279000000,2,2009Q2,C,2009-06-30
1570,20390000000,,,11824000000,101000000,3,2009Q3,C,2009-09-30
1571,5405000000,,,12314000000,-7579000000,4,2009Q4,C,2009-12-31
1572,25421000000,,-102500000,11518000000,4428000000,1,2010Q1,C,2010-03-31
1573,22071000000,,-102500000,11866000000,2697000000,2,2010Q2,C,2010-06-30
1574,20738000000,,-102500000,11520000000,2168000000,3,2010Q3,C,2010-09-30
1575,18371000000,,-102500000,12471000000,1309000000,4,2010Q4,C,2010-12-31
1576,19726000000,,88000000,12326000000,2999000000,1,2011Q1,C,2011-03-31
1577,20622000000,,88000000,12936000000,3341000000,2,2011Q2,C,2011-06-30
1578,20831000000,,88000000,12460000000,3771000000,3,2011Q3,C,2011-09-30
1579,17174000000,,88000000,13211000000,956000000,4,2011Q4,C,2011-12-31
1580,19406000000,,1000000,12319000000,2931000000,1,2012Q1,C,2012-03-31
1581,18642000000,,255000000,12134000000,2946000000,2,2012Q2,C,2012-06-30
1582,13951000000,,259000000,12220000000,468000000,3,2012Q3,C,2012-09-30
1583,18174000000,,-454000000,13845000000,1196000000,4,2012Q4,C,2012-12-31
1584,20491000000,,58000000,12398000000,3808000000,1,2013Q1,C,2013-03-31
1585,20479000000,,251000000,12140000000,4182000000,2,2013Q2,C,2013-06-30
1586,17880000000,,231000000,11655000000,3227000000,3,2013Q3,C,2013-09-30
1587,17780000000,,546000000,12293000000,2456000000,4,2013Q4,C,2013-12-31
1588,20124000000,,69000000,12149000000,3943000000,1,2014Q1,C,2014-03-31
1589,19342000000,,4000000,15521000000,181000000,2,2014Q2,C,2014-06-30
1590,19604000000,,2000000,12955000000,2839000000,3,2014Q3,C,2014-09-30
1591,17812000000,,-1000000,14426000000,350000000,4,2014Q4,C,2014-12-31
1592,19736000000,,,,4770000000,1,2015Q1,C,2015-03-31
1593,19470000000,,,,4846000000,2,2015Q2,C,2015-06-30
1594,18692000000,,,,4291000000,3,2015Q3,C,2015-09-30
1595,18456000000,,,,3335000000,4,2015Q4,C,2015-12-31
1596,17555000000,,,,3501000000,1,2016Q1,C,2016-03-31
1597,17548000000,,,,3998000000,2,2016Q2,C,2016-06-30
1598,17760000000,,,,3840000000,3,2016Q3,C,2016-09-30
1599,17012000000,,,,3573000000,4,2016Q4,C,2016-12-31
1600,18120000000,1862750000,,,4090000000,1,2017Q1,C,2017-03-31
1601,17901000000,1862750000,,,3872000000,2,2017Q2,C,2017-06-30
1602,18173000000,1862750000,,,4133000000,3,2017Q3,C,2017-09-30
1603,17255000000,1862750000,,,-18893000000,4,2017Q4,C,2017-12-31
1604,18872000000,1857000000,,,4620000000,1,2018Q1,C,2018-03-31
1605,18469000000,1812000000,,,4490000000,2,2018Q2,C,2018-06-30
1606,18389000000,1974000000,,,4622000000,3,2018Q3,C,2018-09-30
1607,17124000000,1925000000,,,4313000000,4,2018Q4,C,2018-12-31
1608,18576000000,1980000000,,,4710000000,1,2019Q1,C,2019-03-31
1609,18758000000,2093000000,,,4799000000,2,2019Q2,C,2019-06-30
1610,18574000000,2088000000,,,4913000000,3,2019Q3,C,2019-09-30
1611,18378000000,2222000000,,,4979000000,4,2019Q4,C,2019-12-31
1612,20731000000,,,,2522000000,1,2020Q1,C,2020-03-31
1613,19766000000,,,,1316000000,2,2020Q2,C,2020-06-30
1614,17302000000,,,,3230000000,3,2020Q3,C,2020-09-30
1615,16499000000,,,,4309000000,4,2020Q4,C,2020-12-31
1616,19327000000,,,,7942000000,1,2021Q1,C,2021-03-31
1617,17474000000,,,,6193000000,2,2021Q2,C,2021-06-30
1618,17154000000,,,,4644000000,3,2021Q3,C,2021-09-30
1619,17017000000,,,,3173000000,4,2021Q4,C,2021-12-31
1620,19186000000,,,,4306000000,1,2022Q1,C,2022-03-31
1621,19638000000,,,,4547000000,2,2022Q2,C,2022-06-30
1622,18508000000,,,,3479000000,3,2022Q3,C,2022-09-30
1623,18006000000,,,,2513000000,4,2022Q4,C,2022-12-31
1624,21447000000,,,,4606000000,1,2023Q1,C,2023-03-31
1625,19436000000,,,,2915000000,2,2023Q2,C,2023-06-30
1626,20139000000,,,,3546000000,3,2023Q3,C,2023-09-30
1627,17440000000,,,,-1839000000,4,2023Q4,C,2023-12-31
1628,,,,2570250000,618750000,1,2007Q1,MMC,2007-04-01
1629,,,,2570250000,618750000,2,2007Q2,MMC,2007-06-30
1630,,,,2570250000,618750000,3,2007Q3,MMC,2007-09-28
1631,,,,2570250000,618750000,4,2007Q4,MMC,2007-12-31
1632,,,,3114000000,-210000000,1,2008Q1,MMC,2008-03-31
1633,,,,2853000000,65000000,2,2008Q2,MMC,2008-06-30
1634,,,,2755000000,-8000000,3,2008Q3,MMC,2008-09-30
1635,,,,2548000000,80000000,4,2008Q4,MMC,2008-12-31
1636,,,,2285000000,176000000,1,2009Q1,MMC,2009-03-31
1637,,,,2650000000,-193000000,2,2009Q2,MMC,2009-06-30
1638,,,,2307000000,221000000,3,2009Q3,MMC,2009-09-30
1639,,,,2742000000,23000000,4,2009Q4,MMC,2009-12-31
1640,,,,2356000000,248000000,1,2010Q1,MMC,2010-03-31
1641,,,,2656000000,236000000,2,2010Q2,MMC,2010-06-30
1642,,,,2285000000,168000000,3,2010Q3,MMC,2010-09-30
1643,,,,2314000000,203000000,4,2010Q4,MMC,2010-12-31
1644,,,,2412000000,325000000,1,2011Q1,MMC,2011-03-31
1645,,,,2463000000,282000000,2,2011Q2,MMC,2011-06-30
1646,,,,2496000000,130000000,3,2011Q3,MMC,2011-09-30
1647,,,,2517000000,256000000,4,2011Q4,MMC,2011-12-31
1648,,,,2524000000,347000000,1,2012Q1,MMC,2012-03-31
1649,,,,2508000000,329000000,2,2012Q2,MMC,2012-06-30
1650,,,,2467000000,241000000,3,2012Q3,MMC,2012-09-30
1651,,,,2596000000,259000000,4,2012Q4,MMC,2012-12-31
1652,,,,2519000000,413000000,1,2013Q1,MMC,2013-03-31
1653,,,,2511000000,388000000,2,2013Q2,MMC,2013-06-30
1654,,,,2528000000,253000000,3,2013Q3,MMC,2013-09-30
1655,,,,2626000000,303000000,4,2013Q4,MMC,2013-12-31
1656,,,,2591000000,443000000,1,2014Q1,MMC,2014-03-31
1657,,,,2653000000,431000000,2,2014Q2,MMC,2014-06-30
1658,,,,2696000000,297000000,3,2014Q3,MMC,2014-09-30
1659,,,,2710000000,294000000,4,2014Q4,MMC,2014-12-31
1660,,,,2480000000,482000000,1,2015Q1,MMC,2015-03-31
1661,,,,2596000000,419000000,2,2015Q2,MMC,2015-06-30
1662,,,,2654000000,323000000,3,2015Q3,MMC,2015-09-30
1663,,,,2744000000,375000000,4,2015Q4,MMC,2015-12-31
1664,,,,2603000000,481000000,1,2016Q1,MMC,2016-03-31
1665,,,,2650000000,472000000,2,2016Q2,MMC,2016-06-30
1666,,,,2563000000,379000000,3,2016Q3,MMC,2016-09-30
1667,,,,2731000000,436000000,4,2016Q4,MMC,2016-12-31
1668,,,,2694000000,569000000,1,2017Q1,MMC,2017-03-31
1669,,,,2731000000,501000000,2,2017Q2,MMC,2017-06-30
1670,,,,2744000000,393000000,3,2017Q3,MMC,2017-09-30
1671,,,,2999000000,29000000,4,2017Q4,MMC,2017-12-31
1672,,,,3092000000,690000000,1,2018Q1,MMC,2018-03-31
1673,,,,3043000000,531000000,2,2018Q2,MMC,2018-06-30
1674,,,,2963000000,276000000,3,2018Q3,MMC,2018-09-30
1675,,,,3091000000,153000000,4,2018Q4,MMC,2018-12-31
1676,,,,3133000000,716000000,1,2019Q1,MMC,2019-03-31
1677,,,,3669000000,332000000,2,2019Q2,MMC,2019-06-30
1678,,,,3501000000,303000000,3,2019Q3,MMC,2019-09-30
1679,,,,3672000000,391000000,4,2019Q4,MMC,2019-12-31
1680,,,,3581000000,754000000,1,2020Q1,MMC,2020-03-31
1681,,,,3304000000,572000000,2,2020Q2,MMC,2020-06-30
1682,,,,3428000000,316000000,3,2020Q3,MMC,2020-09-30
1683,,,,3845000000,374000000,4,2020Q4,MMC,2020-12-31
1684,,,,3725000000,983000000,1,2021Q1,MMC,2021-03-31
1685,,,,3789000000,820000000,2,2021Q2,MMC,2021-06-30
1686,,,,3843000000,537000000,3,2021Q3,MMC,2021-09-30
1687,,,,4151000000,803000000,4,2021Q4,MMC,2021-12-31
1688,,,,4104000000,1071000000,1,2022Q1,MMC,2022-03-31
1689,,,,4015000000,967000000,2,2022Q2,MMC,2022-06-30
1690,,,,3979000000,546000000,3,2022Q3,MMC,2022-09-30
1691,,,,4342000000,466000000,4,2022Q4,MMC,2022-12-31
1692,,,,4198000000,1235000000,1,2023Q1,MMC,2023-03-31
1693,,,,4419000000,1035000000,2,2023Q2,MMC,2023-06-30
1694,,,,4386000000,730000000,3,2023Q3,MMC,2023-09-30
1695,,,,4451000000,756000000,4,2023Q4,MMC,2023-12-31
1696,855352250,292136000,477293000,282248000,164504000,1,2016Q1,ADI,2007-01-27
1697,855352250,267863000,510903000,303524000,170573000,2,2016Q2,ADI,2007-04-27
1698,855352250,297301000,572290000,303583000,230430000,3,2016Q3,ADI,2007-07-26
1699,855352250,336936000,666687000,309706000,296157000,4,2016Q4,ADI,2007-11-03
1700,984449000,,648504000,382236000,217129000,1,2017Q1,ADI,2009-01-31
1701,1147982000,,640443000,494608000,93564000,2,2017Q2,ADI,2009-05-02
1702,1433902000,,766624000,571803000,68916000,3,2017Q3,ADI,2009-08-01
1703,1541170000,,1006025000,557815000,347650000,4,2017Q4,ADI,2009-10-31
1704,,224067750,269002000,249411000,61943000,1,2009Q1,ADI,2010-01-30
1705,,224067750,261552000,203643000,61943000,2,2009Q2,ADI,2010-05-01
1706,,224067750,266229000,187284000,61943000,3,2009Q3,ADI,2010-07-31
1707,,224067750,321854000,193482000,61943000,4,2009Q4,ADI,2010-10-30
1708,,234507000,368476000,219362000,120459000,1,2010Q1,ADI,2011-02-04
1709,,233725000,434515000,220440000,167140000,2,2010Q2,ADI,2011-04-30
1710,,240088000,480202000,229057000,199491000,3,2010Q3,ADI,2011-07-30
1711,,253761000,516229000,230489000,224994000,4,2010Q4,ADI,2011-10-29
1712,,246331000,482173000,222767000,222106000,1,2011Q1,ADI,2012-02-04
1713,,256566000,534214000,235728000,241826000,2,2011Q2,ADI,2012-05-05
1714,,248262000,509640000,230799000,219935000,3,2011Q3,ADI,2012-08-04
1715,,255620000,460514000,225222000,183527000,4,2011Q4,ADI,2012-11-03
1716,,238668000,409390000,226018000,139382000,1,2012Q1,ADI,2013-02-02
1717,,234639000,440455000,227529000,162899000,2,2012Q2,ADI,2013-05-04
1718,,235152000,447874000,235403000,169768000,3,2012Q3,ADI,2013-08-03
1719,,251682000,443282000,228003000,179187000,4,2012Q4,ADI,2013-11-02
1720,,231850000,390284000,236795000,131222000,1,2013Q1,ADI,2014-02-01
1721,,237055000,422195000,230813000,164472000,2,2013Q2,ADI,2014-05-03
1722,,239110000,435062000,226720000,176239000,3,2013Q3,ADI,2014-08-02
1723,,233263000,444870000,245008000,201554000,4,2013Q4,ADI,2014-11-01
1724,,219120000,409118000,229509000,152586000,1,2014Q1,ADI,2015-01-31
1725,,235793000,458743000,238343000,187433000,2,2014Q2,ADI,2015-05-02
1726,,251462000,476290000,273744000,180606000,3,2014Q3,ADI,2015-08-01
1727,,328210000,486037000,336108000,108695000,4,2014Q4,ADI,2015-10-31
1728,,268379000,503607000,295673000,178757000,1,2015Q1,ADI,2016-01-30
1729,,276197000,544822000,295814000,205338000,2,2015Q2,ADI,2016-04-30
1730,,294328000,569037000,303768000,216478000,3,2015Q3,ADI,2016-07-30
1731,,336926000,641796000,533166000,96305000,4,2015Q4,ADI,2016-10-29
1732,,,377069000,234888250,,1,2007Q1,ADI,2017-01-28
1733,,,377069000,234888250,,2,2007Q2,ADI,2017-04-29
1734,,,377069000,234888250,,3,2007Q3,ADI,2017-07-29
1735,,,377069000,234888250,,4,2007Q4,ADI,2017-10-28
1736,,,1035190000,629842000,268172000,1,2018Q1,ADI,2018-02-03
1737,,,1033812000,569836000,379831000,2,2018Q2,ADI,2018-05-05
1738,,,1070646000,571607000,414464000,3,2018Q3,ADI,2018-08-04
1739,,,1093654000,580282000,432965000,4,2018Q4,ADI,2018-11-03
1740,,,1039656000,583830000,355006000,1,2019Q1,ADI,2019-02-02
1741,,,1034092000,564397000,367937000,2,2019Q2,ADI,2019-05-04
1742,,,997811000,551085000,362374000,3,2019Q3,ADI,2019-08-03
1743,,,942191000,603830000,277694000,4,2019Q4,ADI,2019-11-02
1744,,,848142000,574714000,203874000,1,2020Q1,ADI,2020-02-01
1745,,,846674000,502654000,267696000,2,2020Q2,ADI,2020-05-02
1746,,,972578000,553454000,362665000,3,2020Q3,ADI,2020-08-01
1747,,,1023084000,561412000,386526000,4,2020Q4,ADI,2020-09-30
1748,,,1045371000,581511000,388519000,1,2021Q1,ADI,2021-01-30
1749,,,1136637000,616947000,422905000,2,2021Q2,ADI,2021-05-01
1750,,,1221184000,611538000,503311000,3,2021Q3,ADI,2021-07-31
1751,,,1121820000,1022815000,75687000,4,2021Q4,ADI,2021-09-30
1752,,,1401997000,1037240000,280077000,1,2022Q1,ADI,2022-01-29
1753,,,1944520000,1026359000,783273000,2,2022Q2,ADI,2022-04-30
1754,,,2043142000,1149836000,748985000,3,2022Q3,ADI,2022-07-30
1755,,,2142815000,1040339000,936226000,4,2022Q4,ADI,2022-09-30
1756,,,2124341000,993521000,961474000,1,2023Q1,ADI,2023-01-28
1757,,,2144546000,1016162000,977656000,2,2023Q2,ADI,2023-04-29
1758,,,1961615000,1032122000,877019000,3,2023Q3,ADI,2023-07-29
1759,,,1646716000,1012301000,498430000,4,2023Q4,ADI,2023-09-30
1760,1057511250,192192750,,,396225500,1,2007Q1,GILD,2007-04-01
1761,1057511250,192192750,,,396225500,2,2007Q2,GILD,2007-06-30
1762,1057511250,192192750,,,396225500,3,2007Q3,GILD,2007-09-28
1763,1057511250,192192750,,,396225500,4,2007Q4,GILD,2007-12-31
1764,1258152000,239848000,,,488300000,1,2008Q1,GILD,2008-03-31
1765,1278125000,265684000,,,434783000,2,2008Q2,GILD,2008-06-30
1766,1371268000,300183000,,,495853000,3,2008Q3,GILD,2008-09-30
1767,1428205000,321531000,,,559963000,4,2008Q4,GILD,2008-12-31
1768,1530460000,329414000,,,589112000,1,2009Q1,GILD,2009-03-31
1769,1647155000,383045000,,,571398000,2,2009Q2,GILD,2009-06-30
1770,1801389000,409700000,,,673033000,3,2009Q3,GILD,2009-09-30
1771,2032379000,473399000,,,802212000,4,2009Q4,GILD,2009-12-31
1772,2085853000,440430000,,,854901000,1,2010Q1,GILD,2010-03-31
1773,1927224000,455525000,,,712061000,2,2010Q2,GILD,2010-06-30
1774,1937656000,477584000,,,704876000,3,2010Q3,GILD,2010-09-30
1775,1998687000,496337000,,,629419000,4,2010Q4,GILD,2010-12-31
1776,1926094000,474111000,,,651141000,1,2011Q1,GILD,2011-03-31
1777,2137253000,533863000,,,746227000,2,2011Q2,GILD,2011-06-30
1778,2121660000,531989000,,,741124000,3,2011Q3,GILD,2011-09-30
1779,2200378000,584447000,,,665145000,4,2011Q4,GILD,2011-12-31
1780,2282449000,580931000,,,437531000,1,2012Q1,GILD,2012-03-31
1781,2405186000,617345000,,,706074000,2,2012Q2,GILD,2012-06-30
1782,2426597000,597269000,,,675505000,3,2012Q3,GILD,2012-09-30
1783,2588285000,675818000,,,762541000,4,2012Q4,GILD,2012-12-31
1784,7597500000,1193000000,,,3566000000,1,2016Q1,GILD,2013-03-31
1785,7597500000,864000000,,,3497000000,2,2016Q2,GILD,2013-06-30
1786,7597500000,1129000000,,,3330000000,3,2016Q3,GILD,2013-09-30
1787,7597500000,1075000000,,,3108000000,4,2016Q4,GILD,2013-12-31
1788,6505000000,,,,2702000000,1,2017Q1,GILD,2014-03-31
1789,7141000000,,,,3073000000,2,2017Q2,GILD,2014-06-30
1790,6512000000,,,,2718000000,3,2017Q3,GILD,2014-09-30
1791,5949000000,,,,-3865000000,4,2017Q4,GILD,2014-12-31
1792,5088000000,,,,1538000000,1,2018Q1,GILD,2015-03-31
1793,5648000000,,,,1817000000,2,2018Q2,GILD,2015-06-30
1794,5596000000,,,,2097000000,3,2018Q3,GILD,2015-09-30
1795,5795000000,,,,3000000,4,2018Q4,GILD,2015-12-31
1796,5281000000,,,,1975000000,1,2019Q1,GILD,2016-03-31
1797,5685000000,,,,1880000000,2,2019Q2,GILD,2016-06-30
1798,5604000000,,,,-1165000000,3,2019Q3,GILD,2016-09-30
1799,5879000000,,,,2696000000,4,2019Q4,GILD,2016-12-31
1800,,634448000,,,722186000,1,2013Q1,GILD,2017-03-31
1801,,684663000,,,772605000,2,2013Q2,GILD,2017-06-30
1802,,681868000,,,788606000,3,2013Q3,GILD,2017-09-30
1803,,857523000,,,791411000,4,2013Q4,GILD,2017-12-31
1804,,813205000,,,2227410000,1,2014Q1,GILD,2018-03-31
1805,,924709000,,,3655593000,2,2014Q2,GILD,2018-06-30
1806,,987306000,,,2731274000,3,2014Q3,GILD,2018-09-30
1807,,1062780000,,,3487000000,4,2014Q4,GILD,2018-12-31
1808,,882000000,,,4333000000,1,2015Q1,GILD,2019-03-31
1809,,998000000,,,4492000000,2,2015Q2,GILD,2019-06-30
1810,,1064000000,,,4600000000,3,2015Q3,GILD,2019-09-30
1811,,1062000000,,,4683000000,4,2015Q4,GILD,2019-12-31
1812,,,,,1551000000,1,2020Q1,GILD,2020-03-31
1813,,,,,-3339000000,2,2020Q2,GILD,2020-06-30
1814,,,,,360000000,3,2020Q3,GILD,2020-09-30
1815,,,,,1551000000,4,2020Q4,GILD,2020-12-31
1816,,,,,1729000000,1,2021Q1,GILD,2021-03-31
1817,,,,,1522000000,2,2021Q2,GILD,2021-06-30
1818,,,,,2592000000,3,2021Q3,GILD,2021-09-30
1819,,,,,382000000,4,2021Q4,GILD,2021-12-31
1820,,,,,19000000,1,2022Q1,GILD,2022-03-31
1821,,,,,1144000000,2,2022Q2,GILD,2022-06-30
1822,,,,,1789000000,3,2022Q3,GILD,2022-09-30
1823,,,,,1640000000,4,2022Q4,GILD,2022-12-31
1824,,,,,1010000000,1,2023Q1,GILD,2023-03-31
1825,,,,,1045000000,2,2023Q2,GILD,2023-06-30
1826,,,,,2180000000,3,2023Q3,GILD,2023-09-30
1827,,,,,1430000000,4,2023Q4,GILD,2023-12-31
1828,9488250000,,,,281250000,1,2007Q1,FDX,2007-08-30
1829,9488250000,,,,281250000,2,2007Q2,FDX,2007-11-28
1830,9488250000,,,,281250000,3,2008Q3,FDX,2008-02-26
1831,9488250000,,,,281250000,4,2008Q4,FDX,2008-05-31
1832,9970000000,,,,384000000,1,2008Q1,FDX,2008-08-31
1833,9538000000,,,,493000000,2,2008Q2,FDX,2008-11-30
1834,8137000000,,,,97000000,3,2009Q3,FDX,2009-02-28
1835,7852000000,,,,-876000000,4,2009Q4,FDX,2009-06-30
1836,8009000000,,,,181000000,1,2009Q1,FDX,2009-08-31
1837,8596000000,,,,345000000,2,2009Q2,FDX,2009-11-30
1838,8701000000,,,,239000000,3,2010Q3,FDX,2010-02-28
1839,9428000000,,,,419000000,4,2010Q4,FDX,2010-05-31
1840,9457000000,,,9231500000,380000000,1,2010Q1,FDX,2010-08-31
1841,9632000000,,,9231500000,283000000,2,2010Q2,FDX,2010-11-30
1842,9663000000,,,9231500000,231000000,3,2011Q3,FDX,2011-02-28
1843,10552000000,,,9231500000,558000000,4,2011Q4,FDX,2011-05-31
1844,10521000000,,,9784000000,464000000,1,2011Q1,FDX,2011-08-31
1845,10587000000,,,9807000000,497000000,2,2011Q2,FDX,2011-11-30
1846,10564000000,,,9751000000,521000000,3,2012Q3,FDX,2012-02-29
1847,11008000000,,,10152000000,550000000,4,2012Q4,FDX,2012-05-31
1848,10792000000,,,10050000000,459000000,1,2012Q1,FDX,2012-08-31
1849,11107000000,,,10389000000,438000000,2,2012Q2,FDX,2012-11-30
1850,10953000000,,,10364000000,361000000,3,2013Q3,FDX,2013-02-28
1851,11435000000,,,10933000000,303000000,4,2013Q4,FDX,2013-05-31
1852,11024000000,,,10229000000,489000000,1,2013Q1,FDX,2013-08-31
1853,11403000000,,,10576000000,500000000,2,2013Q2,FDX,2013-11-30
1854,11301000000,,,10660000000,378000000,3,2014Q3,FDX,2014-02-28
1855,11839000000,,,10656000000,730000000,4,2014Q4,FDX,2014-05-31
1856,11684000000,,,10697000000,606000000,1,2014Q1,FDX,2014-08-31
1857,11939000000,,,10926000000,616000000,2,2014Q2,FDX,2014-11-30
1858,11716000000,,,10754000000,580000000,3,2015Q3,FDX,2015-02-28
1859,12114000000,,,13209000000,-895000000,4,2015Q4,FDX,2015-05-31
1860,12279000000,,,,692000000,1,2015Q1,FDX,2015-08-31
1861,12453000000,,,,691000000,2,2015Q2,FDX,2015-11-30
1862,12654000000,,,,507000000,3,2016Q3,FDX,2016-02-29
1863,12979000000,,,,-70000000,4,2016Q4,FDX,2016-05-31
1864,14663000000,3407500000,,,715000000,1,2016Q1,FDX,2016-08-31
1865,14931000000,3407500000,,,700000000,2,2016Q2,FDX,2016-11-30
1866,14997000000,3407500000,,,562000000,3,2017Q3,FDX,2017-02-28
1867,15728000000,3407500000,,,1020000000,4,2017Q4,FDX,2017-05-31
1868,15297000000,3445000000,,,596000000,1,2017Q1,FDX,2017-08-31
1869,16313000000,3840000000,,,775000000,2,2017Q2,FDX,2017-11-30
1870,16526000000,3935000000,,,2074000000,3,2018Q3,FDX,2018-02-28
1871,17314000000,3881000000,,,1127000000,4,2018Q4,FDX,2018-05-31
1872,,,,,835000000,1,2018Q1,FDX,2018-08-31
1873,,,,,935000000,2,2018Q2,FDX,2018-11-30
1874,,,,,745000000,1,2019Q1,FDX,2019-02-28
1875,,,,,560000000,2,2019Q2,FDX,2019-05-31
1876,,,,,739000000,3,2019Q3,FDX,2019-08-31
1877,,,,,-1969000000,4,2019Q4,FDX,2019-11-30
1878,,,,,1245000000,1,2020Q1,FDX,2020-02-29
1879,,,,,1226000000,2,2020Q2,FDX,2020-05-31
1880,,,,,315000000,3,2020Q3,FDX,2020-08-31
1881,,,,,-334000000,4,2020Q4,FDX,2020-11-30
1882,,,,,1112000000,1,2021Q1,FDX,2021-02-28
1883,,,,,1044000000,2,2021Q2,FDX,2021-06-30
1884,,,,,892000000,3,2021Q3,FDX,2021-08-31
1885,,,,,1868000000,4,2021Q4,FDX,2021-11-30
1886,,,,,875000000,1,2022Q1,FDX,2022-03-31
1887,,,,,788000000,2,2022Q2,FDX,2022-08-31
1888,,,,,1670000000,3,2022Q3,FDX,2022-11-30
1889,,,,,1078000000,1,2023Q1,FDX,2023-02-28
1890,,,,,900000000,2,2023Q2,FDX,2023-06-30
1891,,,,,771000000,3,2023Q3,FDX,2023-08-31
1892,,,,,1538000000,4,2023Q4,FDX,2023-11-30
1893,,,,,879000000,3,2024Q3,FDX,2024-02-29
1894,,,,,1474000000,4,2024Q4,FDX,2024-06-30
1895,12834000000,,,,1039000000,1,2019Q1,HCA,2009-04-01
1896,12834000000,,,,783000000,2,2019Q2,HCA,2009-06-30
1897,12834000000,,,,612000000,3,2019Q3,HCA,2009-09-28
1898,12834000000,,,,1071000000,4,2019Q4,HCA,2009-12-31
1899,12883250000,,,,581000000,1,2020Q1,HCA,2010-03-31
1900,12883250000,,,,1079000000,2,2020Q2,HCA,2010-06-30
1901,12883250000,,,,668000000,3,2020Q3,HCA,2010-09-30
1902,12883250000,,,,1426000000,4,2020Q4,HCA,2010-12-31
1903,13977000000,,,,1423000000,1,2021Q1,HCA,2011-03-31
1904,14435000000,,,,1450000000,2,2021Q2,HCA,2011-06-30
1905,15276000000,,,,2269000000,3,2021Q3,HCA,2011-09-30
1906,15064000000,,,,1814000000,4,2021Q4,HCA,2011-12-31
1907,14945000000,,,,1273000000,1,2022Q1,HCA,2012-03-31
1908,14820000000,,,,1155000000,2,2022Q2,HCA,2012-06-30
1909,14971000000,,,,1134000000,3,2022Q3,HCA,2012-09-30
1910,15497000000,,,,2081000000,4,2022Q4,HCA,2012-12-31
1911,15591000000,,,,1363000000,1,2023Q1,HCA,2013-03-31
1912,15861000000,,,,1193000000,2,2023Q2,HCA,2013-06-30
1913,16213000000,,,,1079000000,3,2023Q3,HCA,2013-09-30
1914,17303000000,,,,1607000000,4,2023Q4,HCA,2013-12-31
1915,,,,,263500000,1,2009Q1,HCA,2014-03-31
1916,,,,,263500000,2,2009Q2,HCA,2014-06-30
1917,,,,,263500000,3,2009Q3,HCA,2014-09-30
1918,,,,,263500000,4,2009Q4,HCA,2014-12-31
1919,,,,,388000000,1,2010Q1,HCA,2015-03-31
1920,,,,,293000000,2,2010Q2,HCA,2015-06-30
1921,,,,,243000000,3,2010Q3,HCA,2015-09-30
1922,,,,,283000000,4,2010Q4,HCA,2015-12-31
1923,,,,,240000000,1,2011Q1,HCA,2016-03-31
1924,,,,,229000000,2,2011Q2,HCA,2016-06-30
1925,,,,,61000000,3,2011Q3,HCA,2016-09-30
1926,,,,,1935000000,4,2011Q4,HCA,2016-12-31
1927,,,,,540000000,1,2012Q1,HCA,2017-03-31
1928,,,,,391000000,2,2012Q2,HCA,2017-06-30
1929,,,,,360000000,3,2012Q3,HCA,2017-09-30
1930,,,,,314000000,4,2012Q4,HCA,2017-12-31
1931,,,,,344000000,1,2013Q1,HCA,2018-03-31
1932,,,,,423000000,2,2013Q2,HCA,2018-06-30
1933,,,,,365000000,3,2013Q3,HCA,2018-09-30
1934,,,,,424000000,4,2013Q4,HCA,2018-12-31
1935,,,,,347000000,1,2014Q1,HCA,2019-03-31
1936,,,,,483000000,2,2014Q2,HCA,2019-06-30
1937,,,,,518000000,3,2014Q3,HCA,2019-09-30
1938,,,,,527000000,4,2014Q4,HCA,2019-12-31
1939,,,,,591000000,1,2015Q1,HCA,2020-03-31
1940,,,,,507000000,2,2015Q2,HCA,2020-06-30
1941,,,,,449000000,3,2015Q3,HCA,2020-09-30
1942,,,,,582000000,4,2015Q4,HCA,2020-12-31
1943,,,,,694000000,1,2016Q1,HCA,2021-03-31
1944,,,,,658000000,2,2016Q2,HCA,2021-06-30
1945,,,,,618000000,3,2016Q3,HCA,2021-09-30
1946,,,,,920000000,4,2016Q4,HCA,2021-12-31
1947,,,,,659000000,1,2017Q1,HCA,2022-03-31
1948,,,,,657000000,2,2017Q2,HCA,2022-06-30
1949,,,,,426000000,3,2017Q3,HCA,2022-09-30
1950,,,,,474000000,4,2017Q4,HCA,2022-12-31
1951,,,,,1144000000,1,2018Q1,HCA,2023-03-31
1952,,,,,820000000,2,2018Q2,HCA,2023-06-30
1953,,,,,759000000,3,2018Q3,HCA,2023-09-30
1954,,,,,1064000000,4,2018Q4,HCA,2023-12-31
